3234 4959
739 397 953 465 ..12-

328 567 462 649 subieci,
491 569 602 636 uidere
627 569 718 636 licet:
761 570 833 635 Liu.
855 572 886 649 9,
909 571 959 650 17,
985 568 1006 634 5
1029 567 1115 635 haud
1137 567 1283 652 equidem
1306 567 1362 635 ab·

328 691 390 738 nuo
413 673 575 754 egregium
598 673 709 738 ducem
733 672 833 739 fuisse
854 671 1086 750 Alexandrum,
1115 673 1172 738 sed
1195 670 1362 737 clariorem

323 779 434 868 tamen
457 824 465 839 .
489 827 496 840 .
520 824 528 839 .
551 825 559 839 .
581 776 633 853 21,
658 776 729 854 1,.2
759 780 792 840 et
814 775 902 841 haud
923 775 1049 855 ignotas
1071 774 1146 839 belli
1168 778 1256 839 artes
1278 775 1363 839 inter

327 894 407 957 sese,
437 878 493 943 sed
521 883 670 958 expertas
692 883 794 959 primo
817 876 936 942 Punico
958 876 1164 942 conserebant
1195 875 1288 962 bello.
1309 873 1364 955 25,

327 979 379 1061 27,
403 979 419 1043 1
444 980 533 1045 haud
555 998 670 1061 magna
692 980 821 1062 oppida,
843 985 984 1045 ceterum
1007 979 1104 1045 clara.

412 1082 497 1148 Usus
510 1100 605 1164 porro
625 1084 685 1147 hac
699 1081 858 1165 particula
873 1087 959 1148 certe
980 1086 1029 1146 est
1044 1080 1213 1162 Pompeius
1228 1080 1363 1161 Trogus,

328 1201 521 1266 quamquam
551 1184 584 1250 id
612 1184 712 1251 firmis
740 1185 938 1267 argumentis
967 1182 1112 1251 stabilire
1141 1201 1202 1247 non
1223 1200 1362 1263 possum,

328 1286 386 1351 sed
401 1287 541 1351 conicere
556 1292 681 1352 tantum
703 1306 742 1353 ox
764 1289 902 1369 epitome
924 1305 944 1350 a
964 1286 1092 1353 Justino
1106 1305 1145 1350 ex
1159 1303 1254 1366 opere
1275 1284 1363 1349 illius

327 1385 423 1466 facta,
438 1405 520 1468 quae
530 1391 579 1456 6¹⁶⁸
593 1390 676 1456 hane
688 1390 887 1473 negationem
898 1388 1026 1454 exhibet
1038 1405 1137 1467 neque
1147 1392 1254 1451 tamen
1267 1386 1363 1452 aliter

328 1496 516 1572 usurpatam
546 1498 642 1573 atque
678 1512 758 1559 aeuo
788 1493 967 1571 Auguste03
1000 1508 1071 1554 nam
1101 1494 1206 1553 exstat
1236 1494 1362 1553 tantum

329 1595 403 1657 ante
419 1592 606 1660 aduerbium
632 1589 740 1685 ³secus‘
767 1602 800 1660 et
815 1593 973 1660 adiectiua
1000 1591 1142 1682 >inferior,
1161 1590 1275 1671 laetus,
1296 1609 1361 1655 me·

329 1688 463 1759 diocris‘.
486 1697 682 1762 -Praeter
710 1697 768 1762 hos
789 1697 961 1778 scriptores
991 1693 1256 1761 commemorandi
1288 1697 1362 1757 sunt

329 1795 425 1861 etiam
441 1797 477 1862 L.
493 1800 641 1866 Annaeus
664 1799 784 1866 Seneca
805 1801 916 1864 rhetor
938 1800 992 1879 qui
1014 1802 1147 1862 uocatur
1168 1799 1202 1860 et
1222 1795 1362 1861 Rutilius

329 1898 450 1980 Lupus,
473 1920 604 1983 quorum
628 1904 761 1986 quisque
793 1903 891 1967 semel
918 1920 994 1967 usus
1023 1905 1073 1966 est
1104 1899 1164 1963 hac
1185 1898 1362 1980 particula;

329 2001 385 2065 sed
416 2002 477 2069 loci
507 2004 555 2070 illi
585 2024 645 2070 non
677 2007 757 2071 satis
786 2006 931 2071 codicum
957 2002 1150 2069 auctoritate
1179 1999 1362 2079 hdciuntur,

329 2121 393 2185 qua
415 2104 455 2170 de
477 2125 512 2170 re
534 2106 566 2171 in
588 2108 693 2173 indice
714 2127 785 2173 meo
806 2126 911 2187 agam.

413 2206 537 2288 Restat,
558 2214 596 2273 ut
616 2212 728 2292 paucis
750 2209 936 2275 adumbrem
952 2226 1043 2273 usum
1058 2212 1235 2288 poetarum,
1250 2224 1361 2287 quam-

266 2361 271 2369 .
328 2307 379 2373 uis
409 2309 437 2373 ia
466 2329 527 2375 non
549 2313 656 2394 magni
678 2314 828 2378 momenti
857 2313 901 2376 sit
923 2312 963 2375 ad
985 2310 1188 2375 iudicandam
1209 2308 1363 2373 sermonis

309 2409 422 2475 latini
445 2416 718 2494 consuetudinem,
748 2433 820 2480 cum
843 2414 947 2497 poetis
969 2413 1116 2477 liberiore
1138 2429 1281 2477 sermone
1314 2408 1362 2473 uti

329 2510 435 2579 liceat.
478 2517 639 2582 Adurendi
661 2524 768 2584 autem
801 2524 876 2584 sunt
907 2516 1056 2582 hocloco
1078 2518 1208 2596 praeter
1229 2517 1362 2590 ceteros,

329 2618 366 2679 ut
395 2615 459 2679 iam
490 2635 588 2700 supra
616 2622 698 2700 dixi,
728 2622 769 2703 ii,
801 2621 855 2703 qui
886 2637 981 2685 uersu
1010 2619 1194 2683 hexametro
1223 2616 1290 2681 solo
1311 2614 1361 2679 usi

329 2721 414 2781 sont.
458 2718 547 2795 Quae
578 2740 650 2786 mea
671 2723 832 2789 sententia
852 2741 947 2803 quam
969 2727 1058 2786 recta
1079 2720 1132 2798 sit,
1161 2719 1235 2783 inde
1256 2716 1362 2797 colligi

330 2824 447 2899 potest,
475 2824 558 2903 quod
581 2824 716 2890 Ouidius
746 2827 777 2891 in
808 2843 845 2889 eo
877 2823 1032 2901 carmine,
1062 2821 1147 2903 quod
1177 2818 1361 2884 inscribitur

334 2920 629 3009 Metamorphoses,
651 2928 722 2992 47ἰοῦ
738 2929 798 2993 hoc
813 2927 967 2993 uocabulo
983 2944 1059 2991 usus
1081 2929 1139 3003 est,
1161 2922 1193 2986 in
1216 2919 1362 2987 omnibus

329 3020 461 3104 reliquis
491 3026 558 3091 suis
580 3029 772 3096 carminibus
799 3031 864 3107 4⁰³,
894 3030 949 3111 qui
970 3035 1076 3093 tamen
1107 3026 1168 3090 loci
1197 3022 1360 3089 nonsatis

331 3124 427 3190 certis
448 3128 591 3193 codicum
613 3132 802 3196 testimoniis
824 3132 981 3197 nituntur.
1005 3166 1047 3175 —
1080 3129 1170 3193 Idem
1191 3126 1359 3191 dicendum

330 3233 381 3290 est
401 3228 442 3292 de
457 3228 601 3309 Horatio,
623 3234 677 3312 qui
701 3233 732 3298 in
759 3226 962 3322 ‚carminibus‘
988 3233 1055 3298 suis
1075 3231 1158 3295 hauc
1169 3226 1360 3308 particulam

330 3330 456 3395 omuino
485 3333 637 3415 neglexit,
666 3336 698 3399 in
734 3335 872 3424 ²Epodon
901 3329 988 3400 libro‘
1021 3334 1119 3400 semel
1140 3328 1298 3408 adhibuit,
1328 3328 1361 3392 in

330 3431 438 3497 satiris
467 3439 574 3499 autem
604 3442 637 3500 et
667 3437 812 3518 epistulis
845 3439 927 3503 15¹⁶&
949 3473 991 3484 -
1021 3434 1167 3502 Catullus
1203 3430 1270 3510 bis,
1308 3428 1361 3494 Ti-

330 3532 436 3599 bullus
457 3536 554 3601 semel
576 3556 614 3603 ea
636 3557 712 3605 usus
734 3544 793 3620 est,
814 3540 911 3621 paulo
932 3539 1060 3619 saepius
1075 3535 1270 3617 Propertius,
1292 3550 1360 3597 sae-

329 3635 460 3718 pissime
481 3645 589 3704 autem
610 3640 777 3707 Lueretius
798 3647 833 3707 et
855 3639 1021 3721 Vergilius.
1066 3637 1243 3719 aliquoties
1264 3636 1360 3700 etiam

331 3745 436 3806 exstat
451 3740 483 3804 in
494 3741 815 3825 Pseudouergilianis,
827 3744 858 3807 in
873 3741 1065 3808 carminibus
1077 3738 1197 3804 Grattii
1208 3738 1361 3821 (Falisci),

330 3848 364 3906 et
386 3841 583 3924 Germanici,
612 3846 703 3911 deest
730 3847 763 3911 in
785 3845 924 3911 carmine
946 3842 1078 3908 Manilii.
1095 3841 1201 3906 —De
1222 3841 1361 3905 omnium
1433 3909 1436 3916 ,

330 3952 439 4011 autem
462 3946 572 4012 horum
596 3955 761 4030 poetarum
783 3967 843 4013 usu
864 3943 1166 4040 huius‘particulae,
1187 3961 1260 4008 cum
1282 3942 1362 4008 alias

331 4050 372 4116 de
393 4050 505 4116 eadem
527 4052 661 4119 materia
682 4057 812 4119 acturus
841 4051 912 4130 sim,
944 4050 979 4114 id
1000 4053 1126 4114 tantum
1148 4046 1262 4128 dicam,
1291 4063 1361 4112 esse

1605 541 1608 656 l
