3234 4959
665 433 857 500 ..9-

249 597 375 683 Caesar,
397 602 560 669 Cornelius
582 604 703 687 Nepos,
734 604 777 668 M.
807 606 957 670 Annaeus
979 605 1108 686 Seneca,
1135 613 1193 673 ant
1214 624 1282 674 ser·

247 723 370 771 monem
392 706 567 786 priscorum
591 707 783 788 scriptorum
804 707 925 773 imitati
947 714 1023 774 sunt
1045 715 1081 774 nt
1112 710 1283 777 Sallustius

247 812 280 872 et
300 807 420 874 Liuius.

332 910 424 987 Quod
440 912 557 978 attinet
578 914 622 977 ad
642 918 763 995 poetas,
779 914 1087 978 commemorandum
1110 919 1167 993 est,
1189 933 1282 996 prae-

246 1015 338 1095 cipue
352 1032 414 1079 eos
435 1013 490 1094 qui
505 1032 600 1079 uersu
614 1016 798 1080 hexametro
820 1016 870 1080 nsi
891 1021 966 1080 sunt
986 1016 1068 1081 hanc
1082 1016 1282 1097 negationem

247 1116 447 1195 adhibuisse,
478 1134 580 1198 paene
602 1121 709 1181 autem
732 1118 892 1197 spreuisse
913 1136 984 1181 eam
1006 1136 1074 1196 eos,
1104 1119 1159 1198 qui
1184 1122 1283 1182 metro

248 1218 387 1300 elegiaco
410 1220 493 1298 qnod
517 1223 651 1284 uocatur
672 1219 741 1284 siue
763 1219 836 1284 aliis
858 1219 914 1288 usi,
931 1225 1014 1284 sunt.

335 1320 397 1384 Sed
419 1321 484 1385 iam
505 1322 547 1385 ad
570 1339 660 1386 nsum
683 1321 796 1386 horum
813 1322 1005 1404 scriptomm
1021 1321 1124 1403 ipsum
1140 1325 1297 1387 tractan-¹

248 1427 324 1489 dnm
348 1430 507 1488 transeam
529 1429 563 1487 et
583 1423 708 1488 initium
731 1424 855 1504 capiam
878 1423 1072 1489 acicerone.
1088 1424 1192 1488 —Ea
1213 1442 1284 1503 nox,
1341 1439 1342 1442 ’

248 1545 382 1609 quacum
400 1526 509 1591 Cicero
524 1526 709 1605 saepissime
733 1521 833 1616 ‚hand‘
853 1525 1178 1605 coniunxitnerhnm
1204 1518 1278 1615 ,scio‘

248 1637 313 1708 est3
336 1648 408 1693 nam
432 1627 550 1693 locutio
577 1628 668 1716 haud
692 1624 761 1693 sciri
792 1629 912 1693 centies
933 1627 998 1692 iere
1028 1629 1060 1692 in
1091 1629 1159 1692 eius
1184 1627 1283 1708 scrip·

247 1734 288 1797 tis
304 1732 431 1814 legitur.
462 1729 597 1812 Reliqua
613 1731 777 1811 uocabula,
799 1750 883 1810 quae
903 1730 990 1811 apud
1012 1749 1083 1795 enm
1106 1730 1166 1794 hac
1188 1748 1283 1811 nega·

247 1835 332 1899 tione
361 1837 534 1913 negantur,
565 1833 703 1895 maxima
736 1851 775 1895 ex
804 1837 898 1913 parte
931 1836 1059 1895 exstant
1087 1832 1120 1894 in
1153 1830 1283 1910 scriptis

247 1934 492 2016 philosophicis,
516 1933 630 1997 deinde
646 1939 823 2013 sequnntur
838 1932 1003 2013 epistulae,
1019 1930 1166 1995 ultimum
1180 1930 1283 1994 locum

249 2038 394 2100 obtinent
413 2034 574 2110 orationes
597 2041 629 2099 et
651 2034 771 2115 scripta
793 2035 836 2099 ad
857 2039 959 2098 artem
982 2032 1172 2098 rhetoricam
1195 2049 1283 2114 spec-

247 2138 361 2202 tantia.

334 2240 371 2303 ln
387 2238 437 2303 his
448 2238 586 2320 scriptis,
598 2257 680 2319 quae
694 2244 833 2304 extremo
849 2239 917 2304 loco
931 2239 1103 2320 nominaui,
1120 2237 1284 2318 uocabula,

147 2379 151 2387 .
248 2360 423 2424 quaecum
460 2335 557 2429 haud
590 2342 838 2421 coniunguntur,
870 2342 949 2406 haec
979 2347 1068 2407 sunt:
1113 2340 1283 2421 adiectina,

249 2445 410 2521 obscnrns,
423 2437 623 2522 uerisimilis‘,
635 2443 788 2508 adnerbia
804 2443 1020 2531 mediocriter,
1035 2461 1121 2521 sane,
1138 2442 1283 2522 multum,

248 2542 361 2627 paulo,
391 2546 490 2610 uerba
522 2545 683 2633 dubitare,
705 2539 884 2627 requirere.
930 2544 991 2609 Sed
1012 2541 1202 2608 monendum
1224 2548 1284 2621 est,

250 2653 377 2729 praeter
396 2641 568 2735 dubitare,
591 2649 676 2728 qnod
697 2648 746 2712 bis
773 2641 869 2736 hand
887 2646 1045 2728 particula
1061 2651 1210 2729 negatum
1223 2650 1283 2722 est,
1340 2667 1342 2674 ’

250 2750 355 2813 omnia
385 2748 506 2828 reliqua
537 2749 708 2828 uocabula,
738 2769 820 2829 qnae
842 2750 935 2813 modo
958 2749 1157 2830 suumomni,
1186 2746 1283 2812 semel

250 2858 375 2915 tantum
397 2869 468 2916 cum
495 2845 596 2939 ‚haud‘
623 2872 643 2916 a
666 2851 815 2917 Cicerone
837 2852 1004 2923 coniuncta
1025 2869 1104 2916 esse.

335 2953 371 3016 In
395 2954 526 3033 scriptis
547 2953 773 3035 philosophicis
794 2954 931 3035 primum
954 2970 1083 3018 numero
1104 2951 1206 3016 locum
1229 2951 1284 3015 oh·

250 3056 354 3120 tinent
374 3055 538 3133 adnerbia,
562 3060 597 3119 nt
622 3053 729 3145 ³facile,
759 3056 822 3135 ita,
850 3055 954 3137 paulo,
976 3055 1096 3136 procul,
1119 3072 1202 3128 sane,
1226 3072 1283 3118 nn-

250 3150 363 3238 qnam‘,
385 3173 467 3236 qnae
482 3164 656 3238 sequnntur
679 3158 777 3222 uerba
801 3157 965 3247 ignorare,
987 3176 1104 3238 errare,
1126 3156 1283 3235 assentiri,

251 3260 413 3340 dubitare,
443 3261 518 3335 niti,
550 3260 737 3338 abhorrere,
768 3260 966 3341 intellegere,
999 3278 1077 3338 esse,
1107 3257 1283 3340 pericnlum

251 3356 325 3440 est‘3
351 3362 487 3442 denique
509 3363 669 3428 adiectina
695 3360 849 3451 difficilis,
872 3362 1048 3440 mediocris,
1071 3354 1188 3441 mirus‘,
1214 3359 1284 3441 qni-

252 3463 310 3528 hns
337 3463 540 3545 adiungenda
571 3471 645 3530 sunt
673 3465 859 3544 pronomina
894 3457 994 3552 ‚idem‘
1028 3468 1061 3527 et
1093 3455 1283 3552 pruisquam‘.

335 3565 373 3628 In
396 3566 541 3647 epistulis
564 3565 725 3631 inuenitur
747 3566 868 3630 nullum
897 3566 1090 3631 adiectinnm
1122 3583 1192 3631 cum
1223 3564 1283 3630 hac

252 3667 418 3746 negatione
440 3669 649 3750 coniunctum,
672 3668 728 3733 sed
752 3686 848 3732 unum
866 3686 1036 3749 pronomen
1064 3660 1170 3755 nllns‘,
1192 3683 1284 3747 prae·

253 3774 341 3832 terea
378 3769 531 3835 aduerbia
563 3771 697 3859 lepide,
712 3770 886 3849 multum,
916 3770 1026 3852 paulo,
1062 3762 1219 3851 unquam‘,
1251 3771 1285 3831 et

252 3875 380 3952 praeter
400 3867 567 3936 formulam
600 3873 693 3962 ‚nand
721 3866 796 3939 scio‘
832 3879 957 3937 tantum
987 3873 1119 3937 uerbum
1153 3864 1283 3960 ‚amarer

338 3971 440 4035 Multo
463 3973 559 4037 etiam
580 3973 755 4056 simplicior
776 3993 872 4055 qnam
894 3974 980 4055 apud
1004 3973 1185 4040 Ciceronem
1207 3991 1284 4038 usus

251 4074 346 4140 huius
369 4074 514 4141 nocahnli
543 4084 593 4141 est
621 4076 653 4141 in
681 4077 772 4143 libris
794 4077 950 4153 Caesaris,
982 4075 1119 4144 Cornelii
1139 4074 1284 4157 Nepotis,
