3234 4959
670 439 885 505 ..13..

259 627 331 673 eum
352 608 448 691 paulo
470 607 666 689 liberiorem,
695 610 839 691 inprimis
867 610 952 691 quod
981 609 1100 675 attinet
1126 612 1168 676 ad
1199 611 1294 677 eollo·

259 712 425 792 cantionem,
455 728 537 790 quae
568 729 620 776 res
651 718 737 777 certe
767 713 832 777 arti
862 711 1013 777 metricae
1035 712 1205 779 tribuenda
1234 718 1293 780 est.

258 811 420 878 Vocabula
448 818 573 892 autem,
595 814 710 894 quibus
741 815 781 879 ab
809 813 873 879 illis
901 814 1006 895 poetis
1036 814 1114 879 haec
1135 815 1297 895 particula

257 914 385 979 adiecta
406 921 466 992 est,
488 915 600 979 itidem
623 922 660 980 ut
681 915 769 995 apud
788 916 963 996 scriptores
976 916 1147 980 maximam
1168 921 1292 996 partem

257 1016 418 1082 adiectiua
444 1022 478 1081 et
507 1016 662 1082 aduerbia
691 1023 783 1095 sunt,
812 1018 852 1080 ad
883 1035 965 1097 quae
993 1013 1079 1099 apud
1101 1017 1294 1097 Lucretium,

257 1116 444 1198 Vergilium,
466 1118 616 1183 Ouidium
651 1137 710 1183 nun
733 1120 930 1200 spernendus
952 1138 1101 1185 numerus
1123 1121 1293 1185 uerborum

137 1233 139 1238 ’
257 1220 391 1283 accedit.

344 1323 433 1387 Haec
454 1322 519 1388 lere
541 1322 678 1403 fuerunt,
705 1343 787 1406 qrrae
808 1342 867 1405 pro
889 1324 1110 1404 magnitudine
1131 1324 1294 1404 materiae,

258 1441 354 1504 quarn
377 1425 436 1490 hoc
458 1427 609 1508 opusculo
626 1431 823 1491 tractaturus
845 1444 923 1504 sum,
946 1427 987 1490 de
1008 1427 1215 1506 scriptoribus
1237 1444 1293 1490 au-

258 1545 332 1591 reae
368 1545 450 1608 quae
488 1536 620 1593 uocatur
646 1529 817 1594 latinitatis
849 1529 969 1603 dicere„
983 1529 1084 1609 potui.
1136 1528 1293 1609 Vidimus,

257 1645 326 1690 carn
340 1631 530 1708 particulam
544 1633 685 1713 exceptis
697 1632 789 1695 Liuio
805 1637 839 1697 et
855 1631 998 1709 Vergilio
1011 1632 1074 1694 iarn
1098 1649 1158 1695 non
1181 1631 1293 1696 eadem

256 1730 415 1796 uarietate
443 1735 621 1799 adhibitam
653 1752 721 1823 esse
749 1740 846 1813 atque
879 1752 899 1794 a
929 1732 1044 1813 priscis
1072 1731 1292 1812 scriptoribus,

257 1834 342 1913 apud
366 1836 532 1900 nonnullos
554 1837 726 1916 scriptores
748 1841 855 1898 autern
878 1835 1005 1896 omnino
1027 1834 1146 1897 deesse.

749 2123 808 2188 111.

333 2259 584 2327 Tractentur
606 2261 840 2341 scriptores
861 2266 1083 2340 argenteae
1105 2278 1209 2340 quae

555 2367 729 2430 uocatur
750 2362 1003 2426 latinitatis.

343 2518 413 2583 Hac
430 2523 537 2583 aetate
560 2534 636 2581 usus
653 2501 753 2580 'buius
768 2513 946 2596 particulae
966 2512 1032 2577 fere
1049 2519 1136 2578 totus
1152 2515 1293 2594 pertinet

257 2621 427 2685 adrerum
450 2623 622 2700 scriptores
653 2637 778 2699 eosque,
811 2619 867 2697 qui
899 2618 930 2679 in
954 2633 1070 2696 genere
1093 2615 1220 2679 dicendi
1249 2617 1293 2680 ad

257 2741 312 2788 eos
344 2722 487 2803 proxime
516 2724 688 2802 accedunt,
720 2728 755 2785 ut
787 2720 959 2801 praecipue
986 2717 1109 2782 Plinius
1130 2717 1231 2781 maior
1258 2719 1291 2781 in

258 2827 364 2906 priore
394 2832 487 2906 parte
516 2825 669 2889 historiae
704 2841 781 2887 suae
810 2821 975 2887 naturalis.
1026 2819 1180 2883 Videmus
1209 2819 1292 2882 euim

261 2922 364 3017 ³iraud‘
408 2935 534 2992 exstare
564 2929 648 3007 apud
681 2925 838 2988 Velleium
876 2921 1099 2999 Paterculum,
1130 2919 1292 2984 Valerium

257 3032 440 3104 Maximum,
459 3030 604 3096 Curtium
619 3027 745 3105 Rufum,
765 3026 903 3090 Plinium
922 3025 1084 3103 Maiorem,
1097 3022 1291 3100 Suetonium,

256 3136 394 3214 Florum,
416 3134 659 3216 epitomatorem
681 3130 780 3207 Liuii;
808 3146 910 3208 neque
931 3128 1010 3192 haec
1037 3144 1088 3190 res
1109 3124 1188 3188 mihi
1211 3125 1292 3187 mira

255 3239 395 3319 uidetur,
418 3256 489 3303 cum
512 3236 583 3301 illos
606 3235 777 3314 scriptores
799 3242 886 3296 certe
907 3229 1092 3296 Sallustium
1116 3231 1149 3290 et
1163 3226 1289 3290 Liuium

257 3343 397 3423 aliosque
425 3341 542 3423 prioris
569 3336 686 3403 aetatis
720 3336 894 3415 scriptores
921 3350 981 3396 non
1014 3330 1115 3394 solum
1145 3333 1291 3391 auctores

257 3450 556 3525 rerumgestarum,
582 3442 638 3506 sed
664 3439 761 3503 etiam
783 3436 909 3517 generis
927 3432 1054 3499 dicendi
1072 3435 1197 3495 secutos
1221 3445 1290 3492 esse

256 3554 388 3612 constet.

342 3643 513 3714 Praeterea
534 3653 640 3713 autern
670 3658 750 3710 eam·
771 3643 949 3707 inuenimus
979 3637 1076 3704 semel
1103 3636 1188 3716 apud
1215 3633 1290 3697 Cor·

257 3751 375 3817 nelinm
402 3750 526 3817 Celsum
554 3760 587 3814 et
614 3747 811 3814 Scribonium
836 3735 986 3823 Largum,
1009 3741 1179 3821 aliquoties
1203 3736 1289 3815 apud

257 3854 461 3921 Columellam
475 3854 522 3934 1),
552 3853 732 3917 Petronium
764 3850 951 3924 Arbitrum,
988 3843 1037 3909 bis
1071 3841 1158 3921 apud
1196 3838 1289 3902 Pom·

345 4099 374 4181 1)
396 4098 535 4159 Fortasse
561 4095 722 4172 Vergilium
745 4098 871 4155 secutus.
