3234 4959
776 367 970 433 ..g..

357 529 420 605 non
442 542 544 605 totam
562 537 753 605 sententiam
776 541 883 619 negat,
906 539 964 604 scd
981 557 1107 620 semper
1124 537 1251 619 singula
1265 541 1391 600 tantum

358 641 523 707 uocabula.
569 641 670 719 Quam
692 641 794 723 legem
825 642 922 706 etiam
951 642 1038 722 apud
1060 642 1232 723 scriptores
1254 638 1392 718 reliqua·

358 764 429 809 rum
460 748 603 808 aetatum
634 743 763 827 linguae
784 743 906 808 latinae
927 744 1036 810 ualere
1057 743 1210 825 proximis
1233 740 1392 823 capitibus

359 845 594 912 demonstrabo.

854 1103 897 1167 II.

402 1240 458 1304 De
490 1232 625 1329 ‚haud‘
652 1237 899 1320 negationis
928 1239 1036 1320 apud
1065 1256 1219 1303 aureae
1248 1256 1352 1320 quae

610 1345 788 1406 uocatur
809 1340 1046 1407 latinitatis
1068 1359 1150 1406 usu.

448 1493 483 1559 Si
505 1494 678 1575 scriptores
701 1494 796 1559 buius
819 1494 947 1574 aetatis
977 1495 1031 1576 qui
1054 1493 1198 1558 oratione
1220 1492 1326 1557 soluta
1347 1492 1398 1557 usi

364 1601 450 1675 sunt,
472 1594 723 1677 perlustramus,
755 1596 848 1661 nobis
870 1597 1010 1662 occurrit
1039 1615 1092 1661 res
1113 1596 1284 1660 admodum
1307 1595 1397 1658 mira.

362 1696 445 1762 Nam
467 1716 602 1779 magnus
634 1718 743 1763 corum
765 1718 917 1764 numerus
939 1699 1022 1763 hanc
1043 1698 1243 1780 negationem
1273 1698 1399 1761 omnino

364 1800 499 1881 respuit.
534 1799 586 1865 Sic
616 1820 685 1865 eam
708 1820 771 1864 non
794 1802 974 1866 inuenimus
997 1801 1084 1883 apud
1107 1799 1307 1866 Cornificium
1331 1799 1399 1863 siue

364 1906 525 1967 auctorem
544 1903 586 1966 ad
603 1902 798 1969 Herennium
821 1905 876 1986 qui
893 1910 1036 1982 uocatur,
1058 1921 1120 1966 non
1136 1902 1314 1968 inuenimus
1331 1919 1399 1964 eam

364 2004 451 2083 apud
464 2003 640 2069 Varronem
664 2005 844 2085 Reatinum,
867 2007 954 2087 apud
977 2006 1130 2083 Quintum
1153 2005 1346 2081 Ciceronem,
1367 2002 1400 2065 in

363 2112 567 2171 monumento
582 2108 760 2189 Ancyrano,
783 2108 870 2189 apud
893 2107 1040 2172 Verrium
1063 2107 1222 2184 Flaccum,
1242 2106 1277 2169 id
1298 2110 1348 2169 est
1369 2104 1401 2168 in

366 2209 525 2290 excerptis
554 2228 592 2273 ex
612 2209 681 2275 eius
703 2209 795 2274 libris
828 2229 848 2272 a
870 2209 966 2274 Festo
987 2208 1083 2275 factis
1097 2215 1143 2286 ¹),
1173 2207 1260 2289 apud
1280 2205 1400 2271 lulium

367 2311 546 2393 Hyginum,
577 2312 663 2393 apud
685 2311 869 2377 Vitruuium
896 2311 1080 2377 Pollionem.
1124 2312 1224 2375 Porro
1246 2326 1401 2389 nusquam

336 2403 339 2408 ⁴
368 2419 474 2479 exstat
510 2415 543 2479 in
573 2413 763 2497 fragmentis
792 2415 926 2479 aliorum
960 2414 1045 2480 illius
1074 2415 1190 2479 aetatis
1213 2413 1403 2492 scriptorum

368 2515 459 2581 nobis
476 2518 623 2582 seruatis,
658 2516 799 2595 Quorum
815 2518 1008 2598 scriptorum
1024 2536 1041 2581 e
1057 2535 1189 2580 numero
1205 2533 1276 2579 cum
1292 2512 1402 2578 Corni-

367 2617 459 2682 ficius
490 2618 633 2697 proxime
662 2620 704 2682 ad
734 2623 873 2683 aetatem
901 2618 1010 2683 Plauti
1040 2626 1072 2684 et
1094 2618 1235 2683 Terentii
1263 2617 1403 2694 accedat,

369 2719 473 2783 Varro
494 2725 602 2784 autem
629 2726 662 2785 et
684 2720 854 2786 Vitruuius
877 2720 978 2786 Pollio
1005 2723 1037 2786 in
1061 2741 1175 2804 genere
1197 2721 1324 2785 dicendi
1346 2737 1404 2783 suo

370 2824 413 2888 ad
435 2841 611 2887 sermonem
633 2822 816 2905 uulgarem,
848 2825 993 2905 suspicor
1021 2824 1104 2889 hanc
1126 2824 1327 2905 negationem
1349 2821 1405 2885 illo

370 2930 546 3006 tempores
561 2944 706 2992 sermone
721 2927 897 2991 cottidiano
910 2946 972 2991 non
990 2927 1094 2992 dicam
1106 2927 1210 3007 plane,
1233 2925 1290 2990 sed
1304 2942 1406 3004 paene

371 3027 549 3093 cuanuissc.
596 3029 698 3105 Quam
729 3047 833 3093 meam
862 3030 1053 3094 sententiam
1076 3028 1206 3092 uidetur
1226 3025 1338 3091 fulcire
1367 3043 1406 3088 ea

346 3182 348 3188 ,
371 3149 433 3209 reS,
455 3130 541 3211 quod
563 3131 660 3195 etiam
680 3129 789 3195 Cicero
811 3130 844 3195 in
866 3131 1025 3211 prioribus
1047 3130 1178 3209 scriptis
1201 3131 1278 3207 suis,
1300 3128 1334 3192 id
1356 3133 1406 3191 est

372 3233 405 3297 in
427 3232 528 3313 libris
551 3234 607 3314 qui
629 3239 705 3298 sunt
730 3234 776 3323 ³de
797 3228 984 3298 inuentione‘
1015 3238 1048 3297 et
1070 3233 1103 3296 in
1124 3230 1285 3313 prioribus
1307 3229 1406 3293 orati·

372 3334 487 3401 onibus
520 3335 602 3400 hanc
631 3354 741 3400 uocem
771 3335 868 3417 plane
898 3335 1035 3415 spreuit,
1068 3334 1101 3398 in
1133 3333 1264 3414 reliquis
1300 3338 1406 3395 autem

374 3437 505 3519 scriptis
536 3444 570 3502 ct
591 3437 763 3519 praecipue
790 3438 824 3502 in
847 3437 1011 3520 epistuliS,
1043 3454 1124 3516 quac
1153 3435 1297 3517 proxime
1318 3453 1407 3498 acce·

374 3541 456 3604 dunt
478 3540 521 3604 ad
545 3558 719 3605 sermonem
738 3542 960 3620 cottidianum,
981 3558 1043 3603 non
1065 3540 1113 3603 ita
1140 3557 1237 3619 saepe
1249 3536 1406 3602 adhibuit.

374 3643 446 3710 Huc
468 3644 607 3723 accedit,
637 3645 722 3726 quod
751 3645 865 3724 reliqui
887 3644 1061 3723 scriptores
1083 3640 1169 3705 illius
1192 3639 1323 3718 aetatis,
1354 3638 1408 3719 qui

375 3745 436 3811 hac
457 3746 626 3826 negatione
655 3747 706 3812 usi
735 3752 828 3825 sunt,
857 3750 914 3809 aut
943 3762 1144 3826 perraro-ea
1173 3742 1224 3807 usi
1253 3748 1343 3820 sunt,
1373 3747 1409 3805 ut

464 3954 496 4034 1)
525 3955 563 4013 In
591 3954 678 4013 Pauli
709 3952 834 4011 Diaconi
865 3951 1014 4026 excerptis
1050 3951 1278 4025 interpretatum
1306 3947 1408 4006 inueni

380 4041 462 4131 baud
490 4031 576 4101 secus‘
603 4040 753 4099 locutione
775 4057 844 4125 ⁴non
868 4029 971 4096 aliter‘.
