3234 4959
292 1342 369 1407 Cum
401 1341 510 1406 studia
539 1341 679 1406 uirorum
712 1339 877 1405 doctorum
905 1339 1001 1404 huius
1023 1339 1156 1419 aetatis,
1189 1339 1244 1421 qui

209 1444 339 1525 quidem
371 1461 499 1524 operam
531 1443 610 1507 dant
639 1443 685 1507 rei
712 1442 940 1523 grammaticae
966 1441 1094 1521 linguae
1115 1440 1245 1518 latinae,

206 1544 365 1625 imprimis
388 1550 534 1625 spectent
556 1546 597 1610 ad
621 1545 805 1609 historicam
829 1549 866 1607 ut
887 1544 933 1608 ita
956 1542 1059 1607 dicam
1082 1543 1150 1607 eius
1170 1561 1245 1624 par·

207 1653 282 1727 tem,
307 1651 340 1710 et
361 1648 429 1727 ipse
451 1647 511 1712 hoc
527 1647 677 1727 opusculo
693 1646 814 1726 aliquid
837 1649 879 1712 ad
901 1645 983 1710 hanc
1000 1663 1068 1709 rem
1083 1644 1246 1708 illustran-

209 1749 282 1812 dam
313 1747 440 1813 adierre
469 1750 615 1814 conabor.
669 1748 824 1829 Proposui
853 1752 959 1812 autem
995 1747 1074 1810 mihi
1108 1746 1247 1811 scribere

208 1848 376 1914 historiam
407 1868 483 1915 usus
513 1850 689 1930 negationis
718 1849 803 1912 illius
830 1848 958 1928 linguae
988 1847 1124 1927 latinae,
1157 1848 1246 1911 cuius

209 1951 362 2031 originem
395 1957 433 2016 ut
461 1951 631 2030 inueniret,
662 1949 778 2012 nemini
801 1949 906 2013 adhuc
928 1947 1073 2029 contigit,
1101 1949 1171 2014 dico
1193 1967 1246 2011 ne·
1362 1992 1364 1997 ·

209 2053 347 2132 gationis
373 2045 491 2140 >haud‘.
535 2050 598 2116 Sed
619 2049 805 2133 priusquam
828 2051 870 2116 ad
892 2049 953 2115 hoc
974 2068 1078 2113 meum
1101 2048 1246 2130 proposi·

210 2158 278 2216 tum
301 2154 536 2235 transgrediar,
565 2154 676 2236 paucis
705 2153 784 2218 mihi
812 2152 963 2218 uidentur
984 2152 1247 2234 perstringendae

210 2272 279 2318 esse
302 2256 478 2320 sententiae
501 2256 642 2321 uirorum
666 2257 848 2335 doctorum,
871 2275 952 2337 quae
974 2254 1099 2329 adhoc
1121 2260 1247 2334 tempus
1291 2253 1294 2259 '

210 2355 250 2419 de
273 2356 333 2422 hac
354 2357 512 2439 particula
534 2359 660 2423 omnino
682 2358 827 2439 prolatae
850 2363 934 2423 sunt.

297 2460 343 2523 Ac
372 2460 509 2540 primum
539 2460 668 2542 quidem
696 2459 774 2524 mihi
802 2458 862 2523 hoo
890 2460 959 2524 loco
989 2459 1140 2522 uidentur
1163 2462 1247 2523 trac-

211 2562 328 2625 tandae
351 2580 419 2626 esse
441 2581 497 2627 eae
520 2563 707 2643 sententiae,
730 2580 810 2642 quae
831 2562 949 2626 allatae
971 2567 1045 2626 sunt
1068 2562 1107 2624 de
1129 2559 1249 2639 origine

211 2663 306 2727 huius
336 2663 498 2742 uocabuli;
529 2683 612 2746 quae
641 2665 770 2745 quidem
803 2682 865 2728 non
895 2662 1002 2744 magni
1031 2660 1250 2726 aestimandae

212 2768 301 2843 sunt,
333 2769 369 2827 ut
399 2765 646 2855 accuratissime
668 2766 902 2831 demonstrauit
934 2763 1117 2829 Fridericus
1151 2762 1249 2844 Sigis-

211 2867 348 2930 mundus
378 2867 410 2929 in
441 2867 718 2952 dissertatione²)‚
748 2887 830 2949 quae
862 2873 912 2932 est
943 2866 1004 2948 „de
1035 2865 1121 2928 haud
1154 2883 1251 2945 nega·

212 2968 308 3031 tionis
331 2968 416 3047 apud
439 2968 561 3048 priscos
582 2970 754 3049 scriptores
776 2971 867 3034 usu“.
901 2968 984 3033 Nam
1007 2972 1043 3032 ut
1065 2968 1249 3032 omittamus

212 3074 337 3134 ueteres
365 3070 437 3135 illos
458 3071 683 3151 grammaticos
710 3071 827 3136 latinos
850 3069 1028 3137 Charisium
1058 3074 1091 3134 et
1113 3068 1251 3134 Marium

212 3169 410 3236 Victorinum
424 3172 466 3256 2),
497 3191 629 3253 quorum
653 3174 879 3255 originationes
900 3174 996 3238 huius
1018 3172 1165 3246 uocabuli
1186 3173 1250 3236 iarn

212 3273 332 3337 dudum
345 3273 436 3339 nihili
448 3274 553 3341 iactae
564 3281 646 3357 sunt,
664 3277 856 3342 recentiores
867 3294 992 3357 quoque
1008 3276 1071 3340 uiri
1087 3274 1183 3355 docti,
1195 3271 1251 3355 qni

211 3375 243 3437 in
265 3375 326 3439 hac
347 3367 382 3441 re
396 3378 620 3459 inuestiganda
636 3379 757 3445 uersati
772 3386 857 3459 sunt,
879 3380 973 3460 longe
987 3398 1008 3442 a
1022 3377 1253 3459 probabilitate

211 3477 336 3541 absunt.
360 3478 439 3555 Quis
454 3481 536 3545 enim
552 3482 681 3547 credere
692 3488 809 3563 potest,
830 3476 931 3571 ‚haud‘
952 3481 1154 3561 negationem
1168 3497 1254 3544 com-

219 3579 357 3660 positam
379 3599 448 3646 esse
468 3602 507 3647 ex
533 3577 564 3673 ‚h‘
583 3584 702 3649 radicis
728 3578 777 3673 hd
797 3583 992 3663 pronominis
1013 3580 1257 3646 demonstratiui

137 3673 141 3677 ’
216 3678 292 3761 hio,
325 3683 413 3766 haec,
445 3680 522 3764 hod,
544 3704 583 3750 ex
609 3680 661 3775 ‚au‘
687 3685 850 3765 aduerbio,
873 3685 958 3765 quod
986 3685 1072 3750 idem
1094 3683 1137 3750 sit
1158 3689 1256 3763 atque

215 3784 356 3846 nostrum
373 3786 536 3867 „hinweg“
558 3793 591 3852 et
606 3788 706 3853 lateat
728 3787 760 3851 in
785 3787 905 3854 talibus
923 3787 1042 3868 uerbis,
1057 3785 1166 3869 qualia
1181 3787 1257 3847 sunt

300 4025 333 4189 ll
356 4025 394 4174 ll.
410 4032 605 4176 (Illalrlrrrltlall
621 4117 666 4178 ed.
690 4118 730 4176 H.
750 4116 830 4176 Keil.
860 4117 894 4192 L,
917 4137 946 4194 p.
966 4118 1025 4174 112
1042 4119 1073 4175 et
1085 4112 1136 4177 vl.
1159 4135 1189 4192 p.
1209 4118 1257 4177 15.

1031 4227 1042 4264 1
