3234 4959
653 426 866 492 ..11-

280 663 282 668 ⁴
327 597 399 664 Jam
431 596 650 681 transgrediar
685 598 726 662 cd
760 597 899 677 Liuium,
932 595 1022 663 cuius
1053 614 1146 662 usum
1180 596 1276 664 huius

241 700 416 783 particulae
439 701 557 781 optime
580 700 714 782 digessit
735 700 911 766 Mauricius
927 699 1101 792 Muellerus
1113 698 1143 783 ¹)
1166 718 1276 780 quem·

242 822 302 884 que
323 806 487 869 auctorem
511 809 639 869 secutus
661 820 741 869 sum.

327 906 439 988 Liuius
471 905 610 970 omnium
644 906 835 987 scriptorum
870 905 1057 985 saepissime
1089 903 1150 967 bac
1181 921 1276 984 nega·

244 1010 329 1074 tione
350 1026 427 1073 usus
449 1011 499 1072 est
514 1009 640 1072 omnino
663 1008 756 1073 838ἰθίι
776 1012 859 1072 teste
873 1007 1035 1072 Muellero.
1068 1005 1180 1086 Neque
1203 1022 1279 1069 uero

242 1112 295 1176 bic
316 1110 453 1192 scriptor
475 1127 601 1189 semper
623 1109 732 1173 eodem
755 1126 863 1173 amore
893 1110 975 1174 hanc
997 1106 1187 1190 particulam
1209 1125 1277 1170 am-

237 1212 354 1293 plexus
377 1217 444 1288 est3
466 1230 538 1276 nam
561 1211 592 1275 in
608 1210 840 1291 posterioribus
861 1210 952 1276 libris
973 1210 1078 1274 minus
1092 1208 1277 1291 frequenter

243 1316 349 1377 exstat
372 1331 467 1394 quam
498 1314 530 1378 in
552 1313 728 1394 prioribus,
761 1331 843 1393 quae
873 1331 925 1378 res
954 1312 1090 1377 fortasse
1121 1311 1195 1376 inde
1223 1328 1277 1374 ex·

244 1414 392 1496 plicando
424 1419 487 1492 est,
520 1416 606 1496 quod
634 1414 754 1494 tontes,
785 1415 901 1496 quibus
930 1416 962 1479 in
994 1414 1152 1496 prioribus
1186 1412 1277 1478 libris

243 1535 321 1582 usus
349 1522 414 1598 est,
446 1517 575 1582 uberius
596 1536 674 1581 eam
703 1517 909 1599 praebebant.
932 1553 974 1563 -
1003 1516 1168 1582 Vocabula
1201 1532 1278 1579 uero

243 1620 329 1700 ipsa,
368 1620 410 1682 ad
447 1638 530 1701 quae
565 1622 711 1701 neganda
745 1620 829 1684 hanc
859 1620 1059 1700 negationem
1098 1616 1277 1699 usurpauit,

244 1722 380 1786 maxima
410 1740 448 1785 ex
478 1726 572 1803 parte
601 1722 754 1786 aduerbla
776 1727 852 1786 sunt
880 1721 990 1804 (451);
1023 1726 1198 1802 sequuntur
1221 1738 1278 1782 nu-

244 1842 330 1887 mero
354 1824 514 1889 adiectiua
537 1824 634 1903 (309),
656 1823 757 1887 uerba
779 1824 857 1904 (49),
885 1822 1069 1904 pronomina
1093 1822 1179 1903 (17);
1202 1821 1279 1886 ulti-

243 1947 329 1992 mum
351 1927 455 1990 locum
477 1926 623 1989 obtinent
645 1924 848 1989 substantioe
869 1924 948 2005 (12).
991 1922 1113 1986 Horum
1142 1921 1279 1985 uocabu-

243 2029 346 2092 lorum
373 2046 391 2089 e
413 2044 543 2091 numero
565 2025 629 2089 lere
651 2025 716 2092 570
737 2025 920 2105 negatiuam
943 2025 1008 2089 nim
1031 2023 1160 2103 habeut,
1181 2028 1218 2087 ut
1240 2023 1279 2087 li·

245 2134 364 2193 totetos
385 2126 489 2210 figura
510 2126 677 2193 efficiatur.
721 2127 783 2192 Sed
813 2128 918 2191 omnia
940 2128 1019 2191 baec
1040 2124 1197 2191 uocabula
1219 2125 1280 2191 boc

243 2230 311 2293 loco
334 2248 520 2295 enumerare
541 2231 622 2310 nolo,
653 2230 729 2310 quia
758 2235 792 2295 et
820 2231 853 2295 in
875 2229 1021 2295 Muelleri
1042 2235 1295 2310 programmate

244 2332 481 2397 accuratissime
502 2338 654 2414 congesta
682 2338 758 2396 sunt
788 2337 820 2398 et
849 2332 917 2414 ipse
948 2332 980 2396 in
1009 2331 1113 2396 indice
1142 2349 1210 2394 meo
1241 2348 1279 2395 ea

244 2432 409 2515 proferam.
455 2434 711 2500 commemorabo
741 2453 824 2498 nunc
850 2439 976 2498 tantum
999 2434 1163 2498 nonnullos
1184 2432 1280 2510 locos,

244 2536 359 2616 quibus
374 2537 606 2602 coniunctiones
627 2537 722 2619 paulo
744 2538 881 2600 rariores
899 2536 1094 2601 exhibentur.
1127 2534 1179 2598 Sic
1193 2534 1281 2614 apud

205 2625 226 2650 ¹
245 2638 381 2715 Liuium,
413 2643 449 2702 ut
477 2641 662 2705 omittamus
691 2640 781 2704 illum
812 2639 914 2703 locum
944 2637 1127 2702 Plautinum
1140 2636 1181 2719 ²),
1216 2653 1281 2716 quo

245 2738 438 2803 Ritschelius
452 2741 632 2805 coniectura
653 2741 688 2804 id
702 2742 855 2820 restituit,
875 2739 1013 2821 primum
1031 2737 1121 2802 nobis
1142 2736 1281 2802 occurrit

249 2834 433 2927 ‚hauddumj
447 2861 528 2923 quae
540 2842 656 2909 locutio
671 2844 842 2908 admodum
858 2861 934 2906 rara
950 2846 1015 2919 est3
1030 2859 1101 2904 nam
1117 2838 1237 2905 abluio
1251 2838 1280 2903 ai

247 2943 440 3022 discesseris,
457 2945 541 3024 apud
559 2944 670 3009 Silium
686 2945 843 3024 Italicum,
855 2942 1034 3023 Apulejnm,
1049 2940 1280 3006 Tertullianum

247 3050 361 3109 exstat.
399 3044 571 3111 Praeterea
593 3047 888 3112 commemoratione
911 3046 1009 3125 digna
1032 3043 1109 3109 milri
1130 3044 1280 3108 uidentur

251 3147 342 3237 baud
364 3141 434 3212 feret
461 3148 529 3212 sine
553 3143 662 3238 ‚ferme‘
690 3154 745 3226 (=
758 3154 866 3213 nostro
892 3146 1077 3234 ‚nichteben
1093 3140 1229 3229 gerade‘,
1243 3149 1281 3209 ut

250 3242 326 3337 ‚tere‘
348 3250 414 3313 uim
435 3251 612 3331 negationis
632 3251 777 3329 minuat),
800 3251 892 3340 ³hand
915 3256 1034 3314 tam-
1049 3266 1162 3329 quam,
1188 3248 1281 3337 paud

247 3346 397 3432 equidem‘
411 3346 585 3440 (equidem‘
597 3360 694 3436 auget
707 3355 770 3418 uim
783 3352 974 3433 negationis)
986 3355 1020 3415 et
1032 3356 1108 3414 nota
1117 3348 1173 3413 illa
1189 3348 1281 3436 ,lnaud

248 3445 298 3515 ita‘
325 3459 358 3516 et
384 3452 475 3541 baud
497 3449 577 3518 saud
584 3504 590 3520 .
603 3492 640 3501 -
654 3454 761 3520 Etiam
783 3455 815 3519 in
837 3452 992 3520 antithesi
1019 3445 1120 3541 pauc‘
1147 3470 1167 3515 a
1187 3450 1280 3514 Liuio

248 3553 386 3631 positum
410 3563 468 3635 est,
490 3574 617 3637 semper
639 3561 746 3621 autem
768 3558 811 3621 ad
833 3573 930 3620 unum
953 3560 1078 3618 tantum
1094 3550 1280 3617 uocabulum

248 3654 421 3735 pertinens,
442 3676 503 3723 non
525 3659 567 3724 ad
590 3665 693 3724 totum
714 3659 927 3736 enuntiatum,
958 3663 996 3721 ut
1025 3675 1063 3721 ex
1084 3655 1172 3736 locis,
1202 3671 1281 3735 qnos

250 3810 453 3820 —.—-..

341 3894 370 3975 l)
401 3898 437 3957 cf.
474 3899 514 3960 M.
544 3899 670 3958 Mueller
705 3920 776 3985 ³aum
800 3898 1064 3975 Sprachgebrauch
1095 3898 1145 3954 des
1167 3885 1277 3956 Livius‘

250 3982 428 4146 1³¹⁰&me
444 3983 648 4130 {fssuffoessffl
673 3986 764 4130 ¹12⁷?
