3234 4959
788 451 999 519 ..16-

376 620 497 688 talibus
517 621 596 687 locis
618 620 722 702 qualis
746 628 811 686 est:
854 622 928 687 Tac.
952 641 1023 687 ann.
1048 620 1098 701 14,
1120 621 1179 686 48:
1227 623 1320 714 baud
1342 644 1415 708 per-

378 726 453 790 inde
475 726 605 790 exitium
622 724 780 788 Antiocho
802 742 898 805 quam
914 724 1101 806 imperatori
1123 723 1258 805 gloriam
1281 720 1415 806 quaeri‘.

379 826 416 890 In
448 826 489 891 iis
511 830 618 890 autem
641 825 735 905 locis,
767 825 801 889 in
832 826 948 907 quibus
970 825 1171 891 enuntiatum
1205 822 1309 914 quani
1343 847 1416 894 con-

378 928 540 994 iunctione
555 928 738 993 incohatum
755 928 855 1007 deest,
878 927 972 993 facile
986 926 1129 1008 suppleri
1143 934 1260 1009 potest,
1284 936 1320 993 ut
1343 949 1416 995 ann.

380 1031 436 1110 12,
467 1029 526 1095 40:
565 1049 605 1095 ne
642 1029 748 1095 diuisa
785 1030 872 1094 haud
904 1031 1037 1112 perinde
1072 1031 1115 1094 ad
1146 1031 1329 1095 memoriam
1366 1034 1418 1097 sui

343 1155 347 1162 ’
378 1132 524 1197 ualerent
547 1132 633 1209 (scilz
657 1150 752 1212 quam
775 1133 965 1211 coniuncta).
980 1169 1022 1177 —
1045 1131 1192 1197 Handius
1208 1136 1237 1214 ¹)
1264 1135 1414 1222 >perinde‘

378 1236 411 1299 in
434 1253 563 1299 numero
579 1234 714 1298 aliorum
731 1234 965 1314 aduerbiorum,
988 1233 1174 1315 quibuscum
1202 1230 1306 1322 ‚haud‘
1343 1255 1417 1300 oon-

379 1336 533 1418 iungitur,
550 1336 759 1415 enumerauit,
774 1337 884 1417 qualia
899 1343 974 1404 sunt
1000 1337 1069 1425 piu,
1086 1337 1216 1416 dudum,
1232 1356 1340 1419 saepe,
1362 1340 1417 1416 ita,

380 1431 478 1504 secns‘
512 1439 585 1518 alia,
616 1439 823 1503 adnotatione
845 1440 987 1503 adiecta:
1022 1440 1061 1527 >in
1089 1439 1235 1503 omnibus
1264 1439 1315 1505 his
1339 1440 1418 1518 (scil.

379 1539 606 1623 locutionibus)
631 1541 802 1606 reddendis
826 1541 977 1606 Germani
999 1547 1134 1606 utuntur
1149 1541 1305 1606 uocabulo
1331 1537 1419 1630 gai,

380 1661 461 1723 quae
483 1662 536 1707 res
558 1662 630 1708 mea
643 1644 770 1723 quidem
787 1645 949 1708 sententia
971 1650 1007 1707 ut
1028 1644 1061 1707 in
1079 1644 1218 1724 reliquas
1233 1645 1418 1723 locutiones

381 1746 429 1810 ita
457 1746 490 1810 in
513 1745 595 1810 hanc
616 1764 679 1809 non
702 1747 850 1825 quadrat.
872 1783 915 1792 —
944 1746 1079 1826 Reliqua
1100 1745 1265 1827 uocabula,
1288 1748 1418 1827 quibus-

381 1866 451 1912 cum
483 1846 616 1928 Tacitus
650 1842 753 1935 baud‘
796 1850 974 1929 coniunxit,
1005 1849 1175 1913 maximam
1204 1856 1346 1928 partem,
1383 1859 1420 1912 ut
1471 1877 1472 1880 ¹

380 1950 467 2031 apud
489 1949 570 2014 alios
593 1949 779 2030 scriptores,
802 1951 964 2016 adiectiua
993 1955 1027 2016 et
1048 1950 1205 2015 aduerbia
1234 1957 1326 2029 sunt3
1356 1950 1419 2015 fre-

379 2041 513 2134 quenter
544 2071 621 2117 uero
651 2053 694 2116 ad
724 2051 825 2118 uerba
850 2071 976 2134 quoque
1005 2054 1153 2134 neganda
1184 2072 1221 2117 eo
1252 2072 1329 2118 usus
1360 2057 1419 2125 est,

380 2154 478 2219 Deest
500 2160 607 2219 autem
631 2155 718 2234 apud
741 2173 811 2219 eum
835 2156 930 2236 plane
955 2155 1049 2244 ‚haud
1072 2149 1156 2235 scio‘,
1177 2172 1260 2235 quae
1282 2154 1420 2219 formula

382 2257 512 2320 omnino
552 2255 716 2320 historicis
749 2275 811 2321 non
843 2275 943 2337 aeque
973 2257 1096 2338 placuit
1134 2263 1230 2338 atque
1268 2257 1420 2324 Ciceroni.

383 2357 483 2421 Deest
501 2376 596 2437 porro
621 2352 728 2447 ‚haud‘
755 2365 882 2424 auctum
906 2360 975 2424 siue
997 2360 1155 2424 minutum
1169 2360 1333 2425 uocabulis
1359 2360 1422 2450 ita,

383 2457 458 2538 iere,
481 2453 576 2538 sane‘,
598 2461 662 2525 nisi
676 2463 761 2541 quod
775 2461 873 2526 semel
889 2481 962 2526 ann.
985 2462 1015 2540 3,
1030 2461 1089 2525 41:
1116 2462 1209 2552 >haud
1236 2462 1335 2527 ferme
1356 2463 1423 2526 ulla

384 2557 530 2636 ciuitas,
565 2568 599 2627 et
628 2562 704 2627 hist.
736 2564 774 2643 3,
804 2565 862 2628 75:
908 2565 961 2629 hic
990 2565 1096 2630 exitus
1133 2565 1195 2630 uiri
1226 2565 1313 2629 haud
1345 2547 1450 2629 sane'

384 2659 567 2746 spernendi‘
605 2665 696 2729 dixit.
742 2664 807 2730 Sub
845 2663 938 2730 finem
971 2668 1103 2746 aetatis,
1141 2669 1181 2733 de
1212 2669 1301 2733 cuius
1330 2670 1424 2733 modo

386 2765 597 2847 scriptoribus
612 2766 760 2858 disserui,
775 2766 958 2847 proferendi
973 2776 1049 2834 sunt
1064 2768 1234 2835 Suetonius
1249 2776 1283 2834 et
1297 2770 1421 2850 Florus,

384 2886 517 2949 quorum
548 2886 587 2931 ex
615 2887 676 2933 usn
707 2869 802 2934 huius
833 2870 1012 2950 particulae
1042 2870 1121 2935 nihil
1152 2872 1227 2935 noui
1254 2872 1421 2938 addiscere

384 2981 562 3049 possumus.
608 2970 749 3053 Uterque
778 2972 862 3036 enim
891 2973 1122 3038 usitatissimas
1153 2978 1278 3038 tantum
1309 2975 1421 3040 locuti·

386 3090 462 3135 ones
496 3089 614 3152 easque
642 3092 774 3153 perraro
802 3075 952 3155 praebet;
984 3076 1060 3155 quin
1091 3077 1188 3140 etiam
1211 3076 1325 3142 Florus
1346 3084 1421 3141 ante

385 3173 540 3237 aduerbia
562 3179 687 3239 tantum
711 3195 780 3241 earn
803 3177 921 3257 posuit.

470 3275 638 3355 Reliquum
661 3282 721 3357 est,
744 3284 781 3341 ut
796 3297 900 3359 pauca
915 3280 1019 3344 dicam
1043 3280 1083 3344 de
1104 3280 1219 3361 poetis,
1242 3282 1419 3363 dequibus

385 3379 471 3444 idem
495 3379 686 3443 contendere
708 3398 838 3460 possum
860 3383 945 3461 quod
967 3382 1008 3446 de
1029 3383 1134 3462 poetis
1157 3385 1274 3449 aetatis
1297 3392 1422 3450 antece-

385 3479 500 3544 dentis.
544 3478 677 3548 Praeter
699 3488 822 3546 ceteros
843 3484 926 3547 enim
949 3484 1008 3548 hoo
1030 3485 1184 3549 uocabulo
1206 3487 1256 3551 usi
1278 3492 1363 3566 sunt,
1385 3493 1423 3551 ut

384 3586 626 3662 praetereamus
647 3601 731 3648 nunc
750 3581 888 3649 Senecae
911 3584 1045 3665 fabulas,
1068 3588 1091 3651 ii
1113 3593 1226 3668 poetae
1248 3589 1304 3669 qui
1325 3589 1421 3654 hexa-

385 3689 523 3748 metrum
562 3701 690 3748 uersum
727 3693 981 3768 usurpauerunt,
1016 3695 1053 3751 ut
1082 3689 1246 3770 Lucanus,
1274 3691 1422 3756 Valerius

385 3786 529 3863 Flaccus
550 3783 647 3851 Silius
667 3787 810 3868 Italicus,
824 3788 977 3871 Papinius
995 3789 1128 3856 Statius.
1163 3792 1227 3858 Sed
1249 3792 1283 3857 hi
1304 3812 1422 3873 omnes,

384 3886 557 3969 praecipue
585 3894 693 3953 autem
725 3890 873 3958 Valerius
899 3892 1049 3972 Flaccus,
1078 3895 1214 3960 maxime
1245 3895 1422 3979 Vergilium

475 4089 505 4184 1)
527 4097 565 4156 of.
588 4096 779 4159 ansellinur.
816 4099 877 4176 111,
898 4122 928 4180 p.
949 4105 998 4180 22,
1013 4105 1063 4165 23.
