3234 4959
742 433 953 499 ..14-

333 604 463 687 ponium
491 603 608 671 Melam
637 607 669 668 et
694 603 936 682 Quintilianum.
987 602 1086 667 Plane
1109 603 1310 667 desideratur
1339 601 1371 667 in

336 706 473 772 Senecae
486 707 616 788 scriptis
633 707 675 770 ad
697 706 930 787 philosophiam
950 704 1178 786 spectantibus,
1197 724 1267 770 cum
1287 706 1372 769 idem

336 807 475 889 scriptor
497 809 529 872 in
553 809 728 890 tragoediis
751 808 818 873 suis
841 827 911 872 eam
927 808 1098 871 admodum
1113 805 1294 887 frequenter
1315 808 1373 872 ad-

337 908 487 989 hibuerit,
509 911 578 975 siue
592 916 722 975 secutus
737 911 860 990 priscos
875 916 997 990 poetas,
1013 909 1082 972 siue
1097 908 1258 985 Ouidium,
1279 926 1371 987 quem

339 1016 372 1075 et
393 1010 475 1075 alias
498 1015 660 1077 auctorem
683 1011 848 1091 amplexus
879 1019 938 1076 est.
983 1010 1082 1074 Porro
1105 1010 1195 1074 deest
1216 1010 1249 1074 in
1273 1010 1373 1089 scrip·

338 1112 382 1177 tis
399 1113 539 1192 Asconii,
561 1114 716 1191 Frontini,
738 1112 836 1178 Plinii
858 1113 1042 1193 minoris1),
1065 1111 1163 1175 Annii
1179 1111 1275 1188 Flori,
1293 1109 1374 1173 Velii

337 1214 448 1295 Longi,
470 1213 590 1296 Hygini
609 1216 787 1297 gromatici,
809 1215 914 1292 Balbi,
938 1213 1037 1279 Siculi
1059 1213 1175 1278 Flacci.
1225 1212 1288 1277 Sed
1309 1211 1373 1276 iam

339 1334 431 1381 usum
464 1335 572 1381 eorum
595 1318 785 1398 scriptorum
808 1318 904 1381 huius
927 1316 1053 1394 aetatis,
1086 1318 1169 1396 apud
1193 1332 1272 1395 quos
1293 1313 1375 1377 hauc

339 1418 539 1498 negationem
563 1421 753 1497 inuenimus,
779 1420 922 1483 breuiter
943 1419 1171 1484 describamus.

425 1520 487 1585 Hic
501 1521 624 1602 primus
640 1522 719 1606 mihi
735 1521 1029 1587 commemorandus
1044 1529 1093 1584 est
1110 1519 1248 1584 Velleius
1263 1516 1375 1582 Pater-

342 1621 441 1701 culus,
464 1624 519 1703 qni
541 1623 624 1689 hauc
646 1624 846 1705 negationem
869 1624 1040 1704 usurpauit
1060 1622 1232 1703 praecipue
1254 1620 1297 1683 ad
1319 1637 1374 1683 ne-

340 1725 447 1804 ganda
462 1725 623 1790 adiectiua
644 1735 678 1791 ct
693 1725 857 1805 aduerbia,
873 1726 969 1791 semel
986 1733 1110 1789 tantum
1128 1722 1291 1789 coniunxit
1306 1739 1375 1785 cum

341 1828 449 1891 uerbo.
500 1827 664 1893 Vocabula
691 1833 798 1893 autem
830 1830 902 1909 ipsa
930 1828 1040 1893 cadem
1071 1826 1139 1892 fere
1175 1831 1251 1891 suut
1281 1831 1378 1903 atque

340 1933 454 2007 antea3
477 1948 579 2010 neque
600 1930 635 1994 id
657 1930 781 2010 mirum,
805 1950 875 1995 cum
894 1931 1021 1994 omuino
1045 1931 1137 2010 copia
1152 1927 1376 1993 uocabulorum

342 2037 378 2095 ut
400 2031 449 2096 ita
471 2031 575 2096 dicam
597 2033 788 2114 scriptorum
812 2052 929 2097 aureae
950 2051 1033 2112 quae
1055 2039 1189 2097 uocatur
1203 2028 1378 2093 latinitatis

342 2150 420 2197 usus
449 2134 500 2197 sit.
545 2132 655 2213 Neque
677 2134 772 2198 aliter
801 2153 853 2200 res
887 2155 922 2200 se
951 2135 1049 2200 habet
1079 2137 1112 2200 in
1145 2133 1237 2198 libris
1254 2123 1379 2195 'Valerii

343 2234 485 2313 Maximi,
511 2235 544 2299 in
567 2235 681 2317 quibus
702 2237 935 2303 usitatissimae
957 2242 1082 2302 tantum
1105 2237 1183 2301 illae
1203 2234 1378 2300 locutiones

343 2335 434 2401 nobis
457 2346 638 2417 occurrunt,
666 2338 777 2418 quales
800 2351 876 2404 sunt
900 2341 994 2430 ³hand
1016 2341 1142 2422 dignus,
1166 2356 1297 2420 paruus,
1320 2335 1378 2398 du-

344 2438 426 2518 bius,
448 2438 556 2519 fallax,
586 2442 712 2521 procul,
743 2437 828 2507 scio‘.
851 2480 892 2487 —-
931 2444 1027 2526 Apud
1051 2442 1231 2508 Cornelium
1255 2439 1380 2505 Celsum

345 2535 469 2624 tantum
500 2549 607 2607 exstat
639 2542 732 2631 haud
754 2538 906 2625 omniuo‘;
937 2545 1068 2610 Curtius
1090 2543 1193 2610 ltufus
1220 2543 1380 2608 uberrima

345 2644 490 2724 exempla
510 2644 653 2726 praebet,
675 2647 790 2726 quibus
806 2647 965 2728 imprimis
988 2657 1063 2713 ante
1085 2648 1247 2712 adiectiua
1268 2653 1301 2710 et
1322 2644 1379 2708 ad·

345 2746 457 2811 uerbia
482 2741 585 2835 ‚haud‘
613 2755 758 2829 apparet,
781 2749 848 2815 lere
870 2770 932 2814 non
948 2751 1124 2816 abhorrens
1147 2750 1283 2826 aLiuio,
1306 2764 1380 2811 auc·

344 2855 415 2913 tore
445 2867 501 2913 suo
528 2849 561 2913 in
591 2869 707 2931 genere
738 2852 874 2917 dicendi.
926 2852 1059 2919 Praeter
1090 2863 1196 2919 cetera
1222 2850 1382 2932 reperitur

344 2952 378 3014 in
417 2951 486 3016 eius
524 2951 616 3017 libris
657 2953 757 3041 ³haud
786 2949 876 3020 saue‘
910 2975 981 3021 cum
1017 2957 1198 3038 participiis
1235 2953 1380 3034 conjunc-

345 3058 423 3116 tum.
460 3052 559 3129 Quem
575 3055 763 3135 scriptorem
786 3064 895 3122 aetate
917 3065 1093 3139 sequuntur
1116 3059 1178 3122 duo
1200 3057 1252 3121 uel
1273 3056 1381 3146 potius

345 3160 429 3233 tres,
464 3172 597 3235 quorum
635 3157 668 3220 in
698 3158 830 3239 scriptis
859 3179 991 3240 perraro
1021 3167 1128 3226 exstat
1162 3152 1281 3250 haud‘,
1311 3156 1381 3221 dico

347 3254 562 3336 Columellam,
586 3256 785 3324 Scribonium
810 3261 965 3344 Largum,
997 3262 1181 3329 Petronium
1205 3262 1380 3326 Arbitrum.

346 3357 390 3421 Hi
412 3360 494 3422 enim
517 3360 690 3441 scriptores
713 3381 782 3427 cum
806 3365 913 3430 uerbis
941 3366 976 3430 id
1003 3368 1131 3431 omnino
1160 3385 1223 3431 non
1253 3365 1382 3431 coniun-

346 3469 478 3539 xerunt,
518 3479 588 3526 cum
622 3465 793 3531 adiectiuIs
832 3475 865 3532 et
898 3469 1062 3534 aduerbiis
1100 3470 1274 3535 rarissime.
1329 3467 1383 3532 Sic

348 3561 522 3627 Columella
551 3565 642 3630 nobis
673 3567 806 3647 praebet
837 3576 888 3634 ter
919 3570 1088 3635 formulam
1130 3573 1230 3661 ‚haud
1261 3564 1382 3649 dubic‘,

347 3664 397 3728 bis
421 3663 513 3753 haud
536 3665 726 3765 dubitanter‘
749 3672 847 3737 semel
873 3668 965 3761 ¹‚haud
987 3674 1128 3754 paulum,
1144 3673 1246 3753 facile,
1262 3671 1383 3755 procul,

347 3782 424 3830 sane
445 3763 599 3848 magnus‘.
628 3769 813 3839 Scribonius
835 3775 960 3857 Largus
982 3777 1080 3841 semel
1102 3783 1229 3842 tantum
1251 3776 1384 3858 scripsit

438 3990 466 4067 1)
488 3991 554 4052 Hac
565 4012 717 4074 quoquere
730 3999 809 4075 quod
821 4019 910 4076 supra
921 4004 1072 4080 proposui,
1087 3992 1177 4087 ‚haud‘
1195 4002 1383 4079 negationem

348 4092 364 4135 e
387 4093 521 4135 sermone
542 4080 681 4139 familiari
707 4085 845 4160 euasisse,
868 4087 968 4146 fulciri
990 4088 1065 4148 milu'
1087 4089 1214 4150 uidetur.
