3234 4959
776 383 991 451 ..22-

363 555 407 622 rit
417 553 535 622 locutio
549 555 634 646 haut
644 554 742 621 sciam
757 550 800 620 ari‘
819 556 851 620 in
863 556 1001 640 epistula
1012 555 1218 639 imperatoris
1229 554 1401 622 Theodosii

363 658 448 724 inter
463 660 596 726 Ausonii
611 677 707 741 opera
721 664 878 737 exstante,
902 661 1016 726 utiam
1033 677 1130 741 supra
1146 655 1399 725 commemoraui.

450 760 549 828 Paulo
571 762 699 842 saepius
728 761 812 825 hanc
839 761 1030 843 particulam
1053 761 1268 827 adhibuerunt
1289 762 1401 842 Dictys

364 862 526 930 Cretensis
540 864 595 946 qui
609 863 799 941 nominatur,
816 862 1034 947 Symmachus,
1048 864 1234 929 Ammianus
1244 862 1401 927 Marcelli-

364 983 433 1045 nus,
462 965 659 1046 Ambrosius,
688 965 892 1048 Hegesippus
917 967 970 1049 qui
999 974 1141 1048 uocatur,
1170 966 1400 1048 Hieronymus;

363 1087 465 1151 neque
494 1068 528 1133 id
557 1067 692 1147 mirum,
722 1068 750 1133 si
773 1069 1012 1134 consideramus
1033 1073 1189 1147 auctores,
1211 1085 1346 1149 quorum
1369 1068 1399 1130 in

365 1187 508 1236 sermone
530 1187 588 1236 suo
610 1171 779 1237 excolendo
802 1173 940 1254 uestigia
961 1176 1156 1253 presserunt.
1192 1171 1275 1236 Nam
1291 1169 1403 1252 Dictys

365 1270 525 1338 Cretensis
555 1273 588 1337 in
610 1273 820 1340 translatione
850 1293 908 1339 sua
935 1274 1146 1340 locutionibus
1176 1292 1215 1338 ex
1235 1272 1403 1356 permultis

364 1374 573 1455 scriptoribus
596 1376 743 1457 repetitis
766 1394 844 1441 usus
866 1381 933 1455 est3
963 1394 1058 1458 quam
1088 1375 1129 1441 ob
1152 1395 1217 1441 rem
1240 1374 1334 1440 facile
1355 1373 1402 1437 in-

365 1475 472 1558 tellegi
495 1481 618 1559 potest,
649 1496 721 1543 eum
744 1480 842 1543 etiam
873 1479 906 1542 iu
929 1480 1024 1543 huius
1046 1478 1195 1544 uocabuli
1217 1495 1277 1542 usu
1300 1494 1360 1540 non
1383 1495 1404 1538 a

364 1579 523 1660 prioribus
554 1580 764 1662 scriptoribus
796 1580 933 1645 differre.
978 1581 1030 1646 Sic
1061 1579 1195 1663 legimus
1224 1579 1310 1660 apud
1332 1596 1403 1641 eum

365 1680 501 1760 exempli
522 1683 629 1763 gratia
650 1683 821 1763 aliquoties
857 1677 960 1771 paud
996 1685 1197 1749 coniunctum
1230 1698 1302 1747 cum
1329 1681 1403 1745 suh-

364 1783 516 1849 stantiuis
546 1784 659 1851 addita
680 1785 915 1868 praepositione
941 1780 1017 1873 ‚sine
1050 1786 1153 1867 (haud
1175 1786 1243 1851 sine
1264 1781 1404 1861 oonsilio,

364 1885 433 1950 sine
456 1904 570 1965 magno
591 1889 724 1970 gemitu,
747 1888 877 1967 exitio);
900 1888 983 1953 tales
1005 1894 1113 1964 autem
1135 1888 1310 1953 locutiones
1332 1903 1402 1950 cum

363 1987 475 2053 Liuius
496 1990 619 2072 primus
641 1995 738 2073 atque
760 1991 848 2056 solus
870 1989 936 2054 fere
958 1990 1159 2072 adhibuerit,
1190 2009 1251 2054 non
1281 1987 1402 2066 dubito,

365 2091 440 2172 quin
462 2090 575 2173 Dictys
605 2093 665 2159 hac
696 2096 729 2158 in
759 2086 795 2157 r'e
826 2112 898 2159 eum
928 2092 1074 2158 imitatus
1103 2095 1155 2158 sit.
1199 2092 1289 2157 Idem
1311 2088 1404 2154 facile

365 2194 576 2258 demonstrari
591 2200 697 2275 potest
714 2195 746 2258 in
761 2195 894 2275 reliquis
909 2195 1082 2276 uocabulis,
1097 2195 1139 2259 ad
1155 2213 1236 2275 quae
1256 2191 1403 2274 neganda

370 2287 472 2384 ‚haud‘
498 2297 668 2377 usurpauit
696 2296 822 2379 (facile,
851 2297 991 2374 frustra,
1022 2298 1129 2378 longe,
1151 2297 1261 2374 multo,
1283 2292 1403 2377 procul,

367 2395 506 2476 segnius,
534 2397 673 2482 alienus,
703 2405 877 2479 contentus,
908 2399 1087 2481 dissimilis,
1119 2416 1238 2481 expers,
1269 2398 1402 2478 integer,

365 2497 456 2576 liber,
486 2500 616 2583 multus,
647 2503 759 2582 minor,
792 2503 1005 2580 necessarius,
1038 2503 1219 2579 condolere,
1249 2501 1402 2578 credere).

366 2601 477 2682 Neque
499 2601 594 2668 aliter
616 2621 668 2670 res
690 2624 724 2671 se
746 2605 845 2671 habet
874 2606 906 2669 in
929 2604 1020 2669 libris
1042 2603 1232 2687 Symmachi,
1260 2603 1314 2684 qui
1337 2620 1402 2664 om·

367 2704 441 2767 nino
473 2702 543 2766 12¹0·
565 2706 625 2772 hoc
657 2707 812 2773 uocabulo
840 2724 918 2772 usus
953 2712 1003 2772 est
1033 2708 1177 2785 (dudum,
1208 2708 1271 2785 ita,
1300 2705 1403 2785 longe,

367 2804 569 2871 mediocriter
598 2827 734 2891 aequus,
764 2810 901 2890 multus,
933 2810 1069 2892 iniquus
1091 2811 1268 2891 quisquam,
1291 2806 1403 2885 uereri,

366 2907 472 2999 scire).
493 2944 537 2956 -
566 2908 718 2992 Sequitur
748 2905 933 2977 Ammianus
966 2912 1185 2990 Marcellinus,
1215 2911 1304 2977 cuius
1327 2928 1403 2974 usus

366 3009 462 3075 huius
476 3013 624 3078 uocabuli
645 3019 733 3079 totus
755 3015 782 3079 is
804 3017 864 3094 est,
886 3032 980 3094 quem
1002 3014 1088 3095 apud
1105 3013 1231 3078 Liuium
1251 3012 1402 3093 reliquos·

366 3125 428 3191 que
448 3112 616 3180 historicos
637 3117 786 3196 uidimus,
809 3118 957 3198 quamuis
981 3116 1202 3195 tenuissimus3
1236 3134 1308 3179 nam
1331 3132 1401 3177 cum

366 3212 537 3279 adiectiuis
551 3216 738 3299 plerumque
759 3224 793 3284 et
816 3218 979 3284 aduerbiis
1000 3221 1033 3283 in
1055 3219 1116 3284 hae
1137 3238 1171 3286 re
1187 3216 1403 3283 usitatissimis

372 3309 473 3404 haud‘
500 3318 662 3384 coniunxit
675 3320 822 3403 (dudum,
844 3320 892 3386 ita
914 3321 1044 3401 dudum,
1067 3323 1132 3400 diu,
1154 3321 1287 3400 tamdiu,
1302 3320 1403 3399 longe,

366 3418 501 3499 longius,
523 3421 632 3503 multo,
653 3424 773 3504 procul,
796 3423 915 3505 dispar,
938 3422 1038 3503 exilis,
1059 3424 1203 3505 exiguus,
1226 3423 1315 3500 leuis,
1336 3421 1401 3485 lon·

366 3538 436 3601 gus,
458 3521 569 3600 minor,
599 3525 695 3606 mitis,
723 3543 853 3607 paruus,
885 3527 1037 3608 paucus),
1065 3527 1162 3592 semel
1185 3533 1309 3590 tantum
1332 3543 1403 3590 cum

367 3623 466 3687 uerbo
509 3625 611 3706 (haud
649 3630 892 3709 aspernandus).
950 3628 1061 3709 Neque
1103 3629 1278 3709 quidquam
1315 3626 1401 3690 aliud

367 3724 537 3790 dicendum
560 3734 609 3794 est
632 3731 672 3794 de
687 3731 865 3811 Ambrosio,
888 3731 942 3810 qui
965 3731 1176 3797 locutionibus
1199 3730 1262 3795 illis
1284 3729 1402 3810 saepis·

365 3828 445 3893 sime
460 3830 703 3911 ascriptoribus
718 3833 874 3897 adhibitis
892 3852 970 3897 usus
990 3838 1040 3898 est
1055 3834 1152 3917 idque
1167 3852 1228 3897 non
1243 3832 1291 3896 ita
1308 3849 1403 3910 saepe

366 3931 488 4013 (dubie,
510 3931 612 4016 facile,
635 3934 773 4014 difficile,
797 3935 930 4015 inutilis,
951 3936 1095 4017 exiguus,
1118 3936 1230 4014 facilis,
1245 3931 1402 4014 ignobilis,

366 4032 563 4116 infecundus,
586 4035 732 4116 difficilis,
755 4039 901 4119 degener,
924 4038 1080 4119 dubitare,
1103 4040 1206 4119 scire).
