3234 4959
628 485 842 552 ..19-

215 654 250 720 id
265 653 491 736 adsumpserit,
514 654 569 719 uix
591 656 722 721 dubium
738 663 798 723 est
843 656 943 722 Deest
964 656 1045 722 haec
1066 656 1196 737 negatio
1217 654 1251 721 in

215 757 310 822 Nonii
338 757 484 821 Marcelli
506 755 605 836 libro;
628 759 797 839 aliquoties
820 760 871 823 usi
893 764 970 824 sunt
991 776 1030 822 aa
1051 755 1251 839 Panegyrici,

214 859 392 925 Trebellius
415 859 526 938 Pollio,
549 859 720 942 ArnohiuS,
742 861 911 926 coniuncta
926 878 1003 925 ‘cum
1026 859 1197 925 adiectiuis
1220 866 1252 925 et

214 962 388 1041 aduerbiia
411 960 520 1041 qualia
541 968 618 1025 sunt
648 962 824 1050 immerito,
846 980 996 1042 unquam,
1026 960 1130 1041 aliter,
1161 962 1252 1044 igno·

214 1062 299 1142 hilis,
322 1069 500 1141 contentus,
529 1063 631 1142 exilis,
661 1057 848 1143 dissimilis‘,
878 1082 949 1128 cum
971 1064 1159 1130 Lactantius
1181 1065 1253 1129 Fir-

216 1166 351 1243 111111,
374 1155 553 1245 discipulus
577 1163 719 1243 bruchii,
742 1183 812 1229 eam
835 1165 1072 1247 contempserit.
1116 1167 1252 1248 Saepius

217 1266 332 1332 deinde
359 1284 429 1330 eam
459 1265 606 1332 uidemus
635 1267 668 1330 in
699 1266 838 1331 historia
866 1266 1041 1334 Alexandri
1072 1267 1183 1350 Magni
1214 1288 1253 1333 en

217 1367 341 1434 Graeca
355 1367 468 1450 lingua
489 1368 522 1430 in
537 1367 670 1432 latinam
693 1386 713 1431 a
727 1367 814 1434 Julio
829 1369 957 1434 Valerio
972 1370 1134 1436 translata
1151 1389 1253 1451 neque

216 1476 324 1535 tamen
339 1469 433 1533 aliter
448 1475 544 1549 atque
558 1467 598 1532 ab
612 1474 756 1534 aetatum
772 1470 915 1551 priorum
931 1472 1143 1553 scriptoribus
1159 1490 1252 1538 usur-

214 1579 333 1656 patam.
680 1566 683 1570 ’

299 1671 415 1737 Diflert
437 1678 543 1737 autem
566 1672 618 1736 hic
641 1674 780 1757 scriptor
808 1674 849 1739 ah
872 1675 1004 1757 reliquis
1025 1677 1111 1741 illius
1133 1677 1252 1744 aetatis

214 1774 435 1856 scriptoribus,
456 1776 542 1855 quod
564 1793 635 1839 cum
657 1776 766 1841 uerbis
787 1794 912 1857 quoque
934 1780 1064 1860 saepius
1087 1798 1157 1843 eam
1180 1797 1253 1844 con-

214 1877 328 1942 iunxit.
339 1912 382 1924 -
394 1876 546 1960 Sequitur
559 1883 703 1958 tempore
717 1877 824 1942 Julius
841 1879 1052 1961 Capitolinus,
1074 1880 1130 1961 qui
1150 1881 1253 1961 scrip-

216 1981 259 2045 sit
276 1978 373 2046 semel
400 1979 493 2068 haud
508 1978 612 2057 aliter,
628 1996 729 2056 secus,
747 1974 867 2043 simul‘:
890 2000 953 2045 non
968 1986 1076 2047 autem
1090 1981 1255 2047 inuenitur

216 2085 249 2146 in
265 2082 394 2146 l'irmlci
411 2081 549 2146 Materni
570 2079 737 2163 profanam
762 2080 945 2163 religionem
975 2086 1138 2165 sequentis
1161 2083 1254 2149 libris

216 2203 273 2249 nec
303 2186 389 2266 apud
418 2184 590 2249 Firmicum
621 2182 802 2250 Maternum
834 2184 1045 2252 christianam
1067 2186 1253 2269 religionem

216 2294 409 2368 sequentem.
455 2285 639 2351 Chalcidius
661 2284 711 2350 his
739 2280 841 2374 >11111111ί
870 2287 1020 2352 adhibuit
1041 2289 1083 2353 ad
1105 2290 1254 2370 neganda

216 2389 372 2456 uocabula
399 2382 454 2479 ³ita‘
481 2394 514 2453 et
540 2383 629 2478 sciri.
663 2387 765 2451 Paulo
780 2389 911 2468 saepius
927 2388 1051 2454 Marius
1068 2390 1253 2456 Victorinus

216 2510 253 2557 eo
276 2509 354 2556 usus
386 2497 437 2557 est
459 2491 569 2580 (haud
591 2490 695 2569 aliter,
728 2489 827 2569 alias,
856 2490 916 2567 ita,
945 2488 1056 2569 facile,
1084 2491 1254 2570 immerito,

216 2592 368 2673 difficilia,
387 2594 508 2675 dispar,
525 2592 792 2674 praetermittere,
808 2585 911 2674 pati).
922 2628 963 2637 —
979 2590 1058 2656 Cum
1074 2610 1150 2657 uero
1169 2610 1253 2658 nunc

216 2716 274 2779 per
312 2697 450 2762 Marium
480 2695 679 2760 Victorinum
710 2695 754 2758 ad
784 2694 1012 2776 grammaticos
1042 2694 1254 2775 peruenerim,

217 2800 276 2865 hoc
298 2800 366 2866 loco
388 2817 496 2864 eorum
525 2816 616 2863 usum
640 2796 734 2862 huius
756 2796 936 2877 particulae
955 2795 1110 2862 tractabo.
1156 2797 1203 2861 Ac
1224 2797 1254 2862 si

217 2922 271 2967 eos
301 2921 427 2981 omnes,
458 2918 592 2980 quorum
622 2899 750 2978 quidem
780 2916 880 2980 opera
908 2896 1000 2962 nohis
1022 2898 1254 2986 traditasunt,

217 3003 497 3081 considerabimus,
520 3020 574 3067 eos
597 3001 657 3066 hoc
678 2999 867 3066 uocabulum
888 3019 951 3064 non
974 3000 1143 3066 adamasse
1165 3000 1254 3076 uide-

216 3107 331 3187 bimus,
354 3125 424 3173 cum
446 3106 541 3188 pauci
562 3110 689 3169 tantum
710 3102 797 3184 iique
818 3121 951 3185 perraro
980 3103 1016 3167 id
1038 3102 1255 3183 adhibuerint,

216 3209 360 3290 plerique
382 3228 458 3274 uero
480 3228 520 3274 ne
542 3206 862 3273 commemorauerint
883 3205 1022 3287 quidem.

301 3311 432 3377 Flauius
449 3308 595 3393 caper1)
617 3308 716 3376 semel
732 3309 863 3393 scripsit
889 3307 982 3400 haud
1004 3300 1109 3372 dices‘.
1142 3306 1254 3372 Velius

216 3415 360 3498 Longus,
407 3414 576 3479 Terentius
621 3411 777 3491 Scaurus,
816 3410 940 3474 Marius
977 3408 1100 3474 Plotius
1143 3408 1253 3474 Sacer·

217 3519 285 3599 dos,
308 3517 520 3583 Terentianus
542 3516 685 3594 Maurus,
713 3513 799 3579 Juba
832 3506 936 3602 ,haud‘
967 3531 1029 3576 non
1058 3512 1160 3577 solum
1191 3531 1254 3576 non

216 3627 472 3702 usurpauerunt,
514 3620 571 3685 sed
604 3635 644 3682 ne
677 3615 869 3681 mentionem
906 3614 1034 3695 quidem
1068 3615 1137 3681 eius
1171 3613 1254 3681 iece-

215 3731 308 3788 runt:
338 3724 425 3804 quod
453 3722 538 3785 idem
569 3720 739 3785 dicendum
768 3723 819 3784 est
846 3718 887 3783 de
914 3717 1042 3782 Donato
1063 3723 1096 3782 et
1129 3717 1252 3798 Sergio.

217 3825 339 3889 Marius
356 3823 538 3888 Victorinus
561 3833 667 3886 autem
691 3821 725 3885 id
747 3840 809 3884 non
833 3821 934 3886 solum
953 3820 1109 3898 adhibuit,
1132 3818 1255 3883 utiam

216 3946 316 4008 supra
345 3926 426 4005 dixi,
455 3926 514 3991 sed
545 3925 642 3988 etiam
672 3929 806 3990 conatus
839 3932 889 3989 est
919 3924 987 3987 eius
1009 3920 1255 4002 originationem

306 4133 336 4214 l)
366 4136 403 4196 cf.
424 4133 503 4197 Keil.
529 4134 657 4195 Gramm.
681 4135 734 4195 lat.
762 4133 829 4195 Vol.
852 4132 922 4222 Vll,
945 4151 972 4208 p.
996 4133 1066 4210 102,
1091 4132 1139 4191 13.

1015 4230 1051 4283 2*
