3234 4959
638 388 830 456 --5-

215 560 398 641 euanuisse,
429 565 487 626 aut
515 561 641 625 omnino
671 560 790 624 nullam
821 578 960 641 unquam
989 558 1165 625 exstitisse:
1198 559 1249 624 cui

214 664 389 729 sententiae
411 664 515 730 nescio
537 683 577 728 an
600 664 774 746 quidquam
792 662 1001 730 ,tribuendum
1023 662 1074 726 sit.

298 765 408 845 Neque
436 766 525 830 aliud
554 783 591 830 ao
622 766 662 830 de
694 765 935 847 Stuerenburgii
967 769 1000 829 et
1028 762 1149 828 Handii
1179 781 1250 828 sen-

214 867 323 932 tentiis
346 868 498 933 iudicium
521 867 702 932 faciendum
725 874 775 932 est
797 869 837 932 de
859 865 1060 948 opinionibus
1071 865 1248 947 Zumptii1)

215 976 249 1032 et
272 969 440 1050 Haasii2),
471 970 526 1051 qui
556 968 767 1034 subiectiuum
790 971 959 1050 quendam,
994 973 1030 1032 ut
1059 967 1106 1031 ita
1135 967 1249 1047 dicam,

130 1103 134 1109 ·
213 1071 350 1136 colorem
365 1071 502 1136 sermoni
519 1070 579 1135 hac
596 1071 764 1150 negatione
782 1070 853 1148 dari
871 1070 1075 1147 contendunt,
1097 1074 1134 1135 ut
1154 1070 1247 1134 modo

213 1173 405 1253 respondeat
422 1179 531 1237 nostro
544 1191 623 1253 „gar
640 1171 757 1253 nicht“,
772 1172 865 1236 modo
882 1178 990 1237 nostro
1012 1172 1121 1254 „nicht
1138 1171 1247 1251 eben“;

214 1293 287 1338 nam
311 1279 397 1340 recte
420 1280 527 1339 monet
550 1274 781 1355 Sigismundus,
810 1292 872 1339 non
895 1275 1038 1357 intellegi
1060 1293 1162 1357 posse,
1184 1294 1248 1356 qna
1336 1299 1341 1310 ,

213 1375 337 1441 ratione
360 1395 455 1440 unum
479 1376 668 1441 uocabulum
700 1377 781 1441 duas
803 1377 980 1442 contrarias
1002 1375 1248 1457 significationes

213 1478 373 1543 continere
387 1478 498 1560 possit,
518 1497 619 1560 neque
633 1497 690 1544 cur
704 1478 836 1543 Romani
854 1477 1028 1543 locutiones
1045 1478 1145 1560 uelut,
1161 1478 1247 1542 nullo

213 1579 325 1660 modo,
357 1580 482 1644 omnino
509 1600 581 1659 non,
610 1582 805 1660 neutiquam,
835 1599 1044 1664 nequaquam,
1071 1581 1160 1646 haud
1182 1574 1247 1658 ita,

212 1682 378 1765 —quibns
396 1682 577 1748 addendum
594 1689 644 1748 est
661 1682 754 1772 ³haud
769 1677 864 1761 sane‘,
882 1688 914 1748 et
933 1676 1188 1772 ‚haudquaquam
1205 1718 1247 1728 —
1294 1713 1297 1721 ·

211 1784 431 1863 adhibuerint,
460 1786 488 1850 si
515 1778 618 1874 paud‘
652 1803 709 1865 per
737 1802 771 1849 se
800 1785 906 1865 ipsum
928 1786 995 1849 uim
1016 1785 1170 1850 orationis
1190 1789 1248 1851 aut

204 1887 337 1951 ¹auserit
358 1891 415 1951 aut
437 1885 663 1952 attenuancrit.
1212 1897 1214 1900 ·

295 1987 403 2052 Rebus
432 1988 478 2051 sic
509 2004 543 2051 se
564 1985 757 2051 habentibus
779 1984 903 2066 optima
929 1984 1008 2049 mihi
1029 1986 1158 2050 uidetur
1179 2003 1248 2052 esse

212 2089 370 2153 sententia
392 2106 438 2167 ea,
462 2106 557 2170 qnam
580 2088 643 2153 iam
665 2087 800 2169 protulit
822 2087 1058 2173 Forcellinus³l
1088 2106 1247 2171 quamque

211 2188 498 2270 comprobauerunt
517 2191 736 2273 nraegeruso
759 2196 791 2255 et
807 2190 1037 2273 sigismundus,
1057 2191 1112 2273 qui
1138 2184 1242 2280 ‚haud‘

211 2293 335 2356 omniuo
356 2311 416 2357 non
441 2294 483 2371 ui,
504 2294 560 2357 sed
576 2311 635 2357 usu
650 2298 776 2358 tantum
800 2292 928 2357 differre
953 2312 973 2358 a
1002 2286 1071 2381 ³nont
1095 2292 1248 2357 indicant.

210 2393 301 2459 Hanc
317 2393 416 2475 igitur
431 2396 622 2461 sententiam
640 2413 774 2475 sequens
791 2396 928 2460 conabor
944 2395 1173 2474 demonstrare,
1191 2394 1246 2474 qui

209 2513 334 2577 quaque
346 2501 457 2562 aetate
472 2498 599 2580 linguae
613 2497 732 2562 latinae
747 2496 844 2562 fuerit
859 2515 935 2561 usus
951 2496 1047 2561 huius
1060 2495 1246 2577 particulae,

211 2615 341 2679 remque
363 2599 408 2663 sic
429 2600 603 2679 instituam,
625 2606 663 2665 ut
683 2598 785 2681 primo
807 2598 914 2681 capite
930 2598 1070 2664 breviter
1090 2616 1184 2678 agam
1206 2598 1247 2662 de

209 2699 323 2780 priscis
345 2701 562 2781 scriptoribus
585 2702 686 2766 altero
714 2702 754 2766 de
777 2720 893 2766 aureae
914 2720 996 2783 quae
1018 2706 1150 2765 uocatur
1171 2699 1245 2764 lati-

210 2799 323 2866 nitatis
346 2802 565 2884 scriptoribus
595 2804 689 2868 tertio
712 2803 818 2883 capite
840 2802 1110 2884 descriptoribus
1132 2821 1245 2884 argen-

209 2907 280 2966 teae
302 2921 384 2985 quae
400 2908 533 2970 uocatur
549 2905 719 2970 latinitatis
736 2924 835 2988 usque
857 2905 898 2969 ad
914 2903 1109 2985 Suetonium,
1130 2912 1245 2983 quarto

209 3003 315 3086 capite
337 3007 377 3071 de
399 3006 607 3087 scriptoribus
638 3026 658 3071 a
679 3007 840 3073 Frontone
861 3025 962 3089 usqne
990 3007 1033 3070 ad
1061 2990 1155 3070 finem
1184 3004 1244 3070 lin·

208 3125 290 3187 guae
326 3108 459 3189 latinae,
492 3109 603 3190 quinto
634 3110 741 3191 capite
780 3111 820 3174 de
857 3109 1124 3190 usuparticulae
1160 3126 1243 3175 com-

207 3211 331 3289 positae
356 3205 625 3301 >haudquaquam,
648 3213 689 3278 ad
712 3217 888 3277 extremum
912 3213 1084 3293 adiungam
1107 3210 1243 3276 indicem

207 3313 347 3377 omnium
386 3314 543 3396 locorum,
584 3314 699 3396 quibus
742 3308 851 3405 2haudt
891 3320 924 3381 et
967 3307 1238 3404 ‚haudquaquam

207 3431 322 3480 muem
815 3439 817 3442 ’

209 3620 411 3632 --..-.

296 3705 328 3787 1)
352 3710 388 3770 of.
417 3711 605 3771 Lateinische
626 3710 810 3770 Grammatik
832 3708 935 3788 5277.

294 3795 326 3869 2)
349 3795 386 3855 cf.
416 3796 528 3871 Reisig,
546 3797 752 3873 Vorlesungen
764 3796 900 3855 iiberlat.
912 3795 1240 3873 Spraohwissenschaft.

206 3899 235 3955 P·
254 3878 327 4039 4⁰3).
348 3966 386 4024 oi.
407 3964 471 4023 eius
492 3965 579 4027 lexic.

292 4048 327 4131 4)
349 4050 429 4112 Hist.
452 4050 537 4129 Synt.
559 4053 586 4109 d.
608 4051 658 4113 lat.
680 4052 746 4129 Spr.
768 4052 823 4127 1²,
837 4071 868 4128 p.
894 4055 962 4111 134.
