3234 4959
804 487 999 556 ..4-

468 659 541 725 Α111
557 663 590 725 et
603 659 730 739 quidem
743 659 883 741 opinioni
895 659 1136 741 Stucrenburgii
1153 660 1246 742 plane
1259 659 1419 726 contraria

383 767 433 829 est
448 762 608 828 sententia
618 761 810 826 Ferdinandi
821 762 950 841 Handii,
967 763 1021 845 qui
1038 762 1114 827 huic
1125 762 1303 844 particulae
1320 762 1419 826 maio·

382 883 448 930 rem
466 864 531 929 uim
547 863 697 928 attribuit
712 883 808 946 quam
824 864 1000 946 particulae
1020 858 1100 952 11111,ί
1114 881 1210 945 quam
1228 864 1418 929 sententiam

381 967 412 1031 in
429 966 537 1032 Plauti
557 973 590 1031 et
608 966 748 1030 Terentii
765 966 894 1048 quidem
908 965 1026 1032 fabulis
1040 985 1100 1030 non
1118 964 1227 1047 uigere
1243 965 1419 1047 Sigismun·

382 1069 442 1135 dus
466 1068 623 1134 uberrime
645 1067 800 1150 exposuit.
833 1067 989 1147 Equidem
1013 1068 1202 1132 contendere
1223 1086 1318 1149 posse
1341 1067 1419 1132 mihi

382 1171 504 1249 uideor,
526 1188 595 1235 eam
619 1170 744 1234 omnino
767 1189 828 1235 non
851 1171 968 1252 uigere.
1008 1170 1149 1234 Primum
1172 1167 1254 1234 enim
1277 1169 1419 1252 intellegi

382 1293 444 1339 non
464 1277 584 1355 posset,
611 1273 640 1336 11
665 1265 768 1360 ‚haud‘
791 1272 942 1336 maiorem
957 1272 1023 1336 uim
1038 1270 1203 1336 habuisset
1218 1288 1313 1352 quam
1335 1265 1419 1359 pon‘,

383 1393 445 1456 quo
467 1375 560 1440 modo
583 1380 752 1456 utramque
771 1374 971 1454 negationem
991 1374 1163 1454 scriptores
1187 1390 1341 1453 usurpare
1362 1391 1418 1454 po·

382 1477 504 1542 tuerint
528 1477 568 1540 ad
587 1476 733 1557 neganda
756 1476 868 1542 eadem
885 1476 1049 1541 uocabula.
1081 1476 1205 1539 Deinde
1225 1469 1295 1564 pori
1315 1480 1418 1540 ortum

383 1584 434 1644 est
456 1597 507 1643 ex·
531 1596 576 1667 ³ne
598 1574 714 1658 unum‘,
745 1584 782 1641 ut
812 1596 872 1641 non
902 1577 994 1643 facile
1015 1576 1177 1658 grauitate
1199 1577 1342 1657 superari
1364 1595 1419 1659 po-

381 1681 491 1746 tuerit.
544 1680 688 1761 Denique
727 1698 784 1745 cur
820 1681 954 1744 Romani
993 1680 1147 1744 dixissent
1189 1679 1290 1768 >haud
1326 1674 1414 1745 sanc‘

383 1784 438 1862 (=
453 1782 567 1864 gewiss
585 1781 699 1862 nicht),
722 1782 750 1845 si
770 1775 872 1870 haud‘
895 1781 998 1845 solum
1017 1781 1149 1845 eandem
1166 1782 1228 1845 nim
1244 1780 1419 1862 habuisset,

383 1903 443 1948 non
465 1882 544 1948 satis
565 1887 745 1965 appareret.
777 1884 961 1948 Inuenimus
978 1888 1086 1947 autern
1113 1882 1206 1972 haud
1228 1878 1308 1947 sane‘
1334 1883 1418 1948 locu-

382 1987 499 2052 tionem
523 2005 543 2049 1
565 1985 680 2051 Plauto
702 2004 804 2067 usquc
825 1987 867 2050 ad
891 1984 1027 2050 Gellium
1050 1985 1137 2068 apud
1159 1984 1296 2071 optimos
1318 1985 1418 2066 scrip-

382 2094 477 2169 tores,
491 2106 624 2168 quorum
638 2106 736 2169 opera
750 2088 841 2152 nobis
856 2092 986 2153 seruata
1003 2093 1085 2152 sunt.
1120 2086 1264 2152 Sufficiat
1277 2087 1337 2152 hoc
1350 2087 1418 2151 loco

381 2192 461 2256 haec
492 2189 640 2255 attulisse
670 2190 829 2272 exempla:
874 2190 978 2254 Plaut.
1008 2190 1093 2254 Trin.
1117 2188 1189 2253 625.
1230 2188 1304 2252 Hau
1343 2205 1418 2253 sane

292 2297 294 2302 ’
382 2291 548 2358 euscheme
578 2291 761 2355 astiterunt.
784 2291 855 2355 Ter.
885 2291 1022 2372 Adelph.
1047 2291 1118 2356 783.
1150 2290 1417 2356 commissatorem

381 2394 470 2459 haud
492 2410 568 2459 sane
590 2394 798 2459 commodum.
845 2394 921 2458 Sall.
944 2412 969 2457 c.
995 2393 1062 2458 Cat.
1085 2394 1137 2472 37,
1160 2395 1189 2458 9.
1226 2393 1313 2458 haud
1342 2411 1418 2458 sane

382 2495 445 2560 alio
474 2496 581 2560 animo
608 2495 684 2562 belli
714 2501 864 2562 euentum
896 2496 1135 2577 exspectabant.
1180 2495 1244 2561 (lic.
1277 2495 1357 2560 Tim.
1388 2496 1418 2560 3.

382 2598 471 2663 haud
493 2617 569 2663 sane
591 2598 652 2664 erit
676 2599 800 2662 mirum.
833 2598 902 2663 Liv.
922 2597 952 2678 5,
973 2599 1024 2679 32,
1042 2599 1072 2662 3.
1094 2598 1212 2664 bellum
1235 2598 1320 2661 haud
1343 2616 1418 2662 sane

381 2718 530 2781 asperum
545 2697 617 2764 fuit.
649 2698 737 2764 Curt.
754 2698 872 2780 111114,
890 2700 920 2778 6,
942 2701 972 2765 4.
990 2700 1076 2765 haud
1096 2718 1172 2765 sane
1188 2718 1288 2780 aequo
1304 2700 1418 2764 anime.

382 2800 469 2866 Suet.
500 2800 598 2865 Vitell
623 2801 672 2866 14.
695 2801 782 2865 haud
805 2819 881 2868 sane
903 2801 1083 2867 difficulter.
1120 2801 1188 2866 Aul.
1211 2801 1291 2866 Gell.
1315 2803 1344 2881 7,
1368 2799 1418 2878 15,

382 2905 411 2968 6.
434 2900 674 2986 rationibusque
695 2904 777 2968 haut
798 2923 875 2970 sanc
896 2904 1022 2987 frigidis
1044 2905 1163 2971 docuit.
1318 2921 1320 2924 ·

467 2989 599 3070 Praeter
614 3005 694 3070 haec
709 3013 898 3086 argumenta
917 3025 978 3071 non
995 3005 1182 3089 neglegendi
1195 3004 1274 3070 mihi
1289 3004 1416 3085 quidem

376 3106 532 3172 'uidentur
545 3111 670 3172 ueteres
686 3109 895 3190 grammatici,
914 3127 1046 3189 quorum
1069 3127 1087 3173 e
1104 3111 1232 3173 numero
1249 3107 1355 3172 nullus
1377 3107 1417 3170 de

382 3209 516 3299 notione
541 3208 636 3273 huius
664 3210 842 3290 particulae
879 3210 977 3276 uerba
1007 3208 1097 3290 fecit3
1137 3229 1203 3293 qua
1232 3228 1270 3273 ex
1299 3228 1334 3273 re
1365 3226 1417 3273 su·

380 3308 499 3390 spicari
520 3327 613 3391 posse
634 3311 714 3377 mihi
738 3311 859 3388 uideor,
883 3319 940 3378 aut
960 3312 1015 3377 illo
1031 3317 1173 3394 tempore
1189 3329 1311 3378 omnem
1329 3309 1417 3376 diffe-

380 3413 527 3477 rentiam
550 3412 634 3479 inter
665 3414 832 3497 utriusque
859 3416 1036 3498 particulae
1063 3415 1326 3496 significationem
1352 3413 1416 3478 iam

380 3549 434 3623 IV,
453 3554 478 3621 1,
497 3555 525 3609 2.
556 3553 635 3610 haud
657 3554 700 3612 ita
714 3572 821 3627 magna
839 3574 927 3612 manu
943 3555 1084 3614 Graeciae
1099 3555 1219 3628 fugatus
1236 3557 1282 3612 est
1297 3550 1354 3632 (=
1362 3552 1417 3611 mit

382 3636 434 3692 der
456 3635 541 3695 nicht
562 3638 655 3711 eben,
683 3639 767 3698 nicht
788 3642 895 3713 gerade
917 3660 1039 3714 grossen
1062 3636 1188 3716 Macht).
1218 3638 1290 3697 ibid.
1313 3638 1415 3710 XVII,

381 3725 417 3793 4,
449 3723 476 3781 5.
526 3722 598 3780 (lum
626 3723 686 3781 iam
716 3725 794 3783 haud
824 3725 867 3782 ita
893 3724 983 3799 longe
1015 3726 1132 3783 abesset
1161 3743 1178 3781 a
1208 3722 1416 3798 Peloponneso

380 3808 437 3880 (=
457 3805 542 3866 nicht
570 3808 646 3866 eben
676 3809 770 3887 weit).
801 3814 870 3869 auct
898 3810 967 3868 bell.
990 3810 1083 3869 Afric.
1112 3814 1168 3881 30,
1193 3814 1222 3867 2.
1266 3808 1344 3866 haud
1374 3810 1417 3867 ita

380 3891 470 3965 longe
500 3910 517 3948 1
539 3892 671 3953 Caesaris
698 3894 802 3955 castris
825 3895 967 3954 constitit.
1011 3895 1076 3953 Liv.
1100 3896 1124 3967 Ι,
1148 3899 1198 3967 31,
1222 3898 1249 3953 5.
1272 3895 1351 3951 haud
1373 3895 1417 3952 ita

379 3976 472 4035 multo
495 3983 563 4053 post
583 3980 756 4054 pestilentia
777 3979 940 4038 laboratum
964 3984 1017 4039 est.
1049 3983 1147 4039 Amm.
1170 3979 1302 4039 Marcell.
1330 3983 1374 4052 14,
1387 3985 1414 4052 6,

382 4063 431 4120 19.
454 4065 489 4121 ut
511 4081 577 4121 cum
599 4063 749 4141 peregrini
773 4064 810 4122 ob
842 4065 1028 4125 formidatam
1061 4067 1135 4125 haut
1155 4066 1198 4125 ita
1229 4066 1338 4136 dudum
1361 4065 1414 4123 111·

379 4152 546 4206 mentorum
567 4149 699 4225 inopiam
718 4148 903 4224 pellerentur
924 4151 961 4209 ab
983 4152 1057 4211 urbo
1074 4150 1261 4228 praecipites.
