3234 4959
777 526 991 594 ..20-

367 697 528 782 inuenire,
558 697 613 779 qui
643 703 776 764 conatus
806 699 919 780 quanti
948 699 1166 766 aestimandus
1194 703 1291 770 sitin
1313 704 1405 770 initio

369 805 463 871 huius
484 799 628 886 opusculi
650 797 724 864 dixi
767 801 850 867 Item
880 802 961 867 hanc
990 804 1189 884 negationem
1219 823 1405 871 commemo-

367 908 454 974 rauit
475 908 508 973 in
532 921 662 969 numero
684 903 910 970 aduerbiorum
934 906 1070 987 negandi
1089 905 1247 973 Maximus
1270 908 1405 974 Victori·

369 1030 438 1077 nus.
461 1046 503 1058 —
533 1008 571 1072 In
593 1004 689 1071 Probi
710 1006 868 1072 institutis
889 1007 1007 1072 artium
1029 1026 1112 1089 quae
1133 1015 1288 1075 uocantur
1309 1028 1405 1091 quae-

368 1132 431 1196 que
462 1113 530 1178 sine
560 1108 657 1174 dubio
689 1114 803 1191 quarto
834 1110 962 1175 saeculo
984 1111 1160 1192 composita
1185 1119 1270 1195 sunt,
1301 1120 1406 1179 exstat

369 1235 450 1281 unus
471 1215 559 1285 locus
582 1211 644 1276 huo
665 1216 816 1292 spectans
828 1216 873 1291 ¹),
906 1212 960 1293 qui
991 1217 1097 1276 tamen
1127 1213 1219 1278 nihili
1240 1213 1405 1280 faciendus

368 1324 428 1397 est,
441 1322 479 1382 ut
493 1334 566 1381 eum
582 1313 708 1378 silentio
722 1314 900 1394 praeterire
914 1315 1041 1396 possim.
1073 1314 1245 1381 Praeterea
1259 1317 1290 1381 in
1306 1320 1406 1399 serip-

368 1421 420 1503 tis,
442 1420 498 1501 qui
519 1417 578 1484 sub
601 1414 697 1480 Probi
719 1416 845 1481 nomine
868 1417 990 1482 tradita
1012 1422 1096 1499 suut,
1123 1412 1223 1507 ‚baud‘
1250 1438 1404 1500 nusquam

367 1523 446 1588 mihi
467 1519 621 1598 occurrit3
652 1536 753 1601 neque
781 1536 917 1599 usquam
955 1520 986 1584 in
1017 1519 1157 1587 Charisii
1197 1529 1269 1587 arte
1299 1541 1405 1604 gram-

362 1626 501 1703 matica,
532 1639 725 1706 quamquam
760 1621 815 1687 ille
845 1623 881 1686 id
910 1624 1111 1688 enumerauit
1139 1624 1222 1689 iuter
1252 1626 1406 1692 aduerbia

367 1727 504 1809 negandi
537 1726 577 1789 de
608 1724 739 1804 eiusque
762 1724 924 1805 scriptura
946 1725 1108 1807 disseruit,
1138 1726 1190 1791 oui
1221 1732 1328 1794 tamen
1359 1729 1406 1794 rei

367 1850 427 1895 non
449 1829 583 1894 multum
606 1825 810 1891 tribuendum
834 1829 937 1911 estr).

451 1932 548 2014 Apud
569 1928 755 1994 Diomedem
777 1930 876 1995 semel
905 1931 1013 1996 inueni
1049 1930 1141 2020 paud
1161 1926 1294 2014 piguit‘.
1333 1932 1404 1998 Ser-

366 2036 438 2101 uius
459 2035 492 2099 in
514 2032 653 2114 scriptis,
681 2049 764 2112 quae
793 2033 836 2095 ad
858 2039 960 2097 artem
983 2034 1226 2115 grammaticam
1248 2042 1404 2117 spectant

366 2157 470 2221 neque
501 2135 691 2201 mentionem
721 2132 798 2198 fecit
829 2134 924 2198 huius
955 2135 1102 2202 uocabuli
1131 2154 1232 2216 neque
1263 2155 1300 2203 eo
1330 2156 1405 2203 usus

367 2247 432 2320 est3
462 2240 496 2305 in
524 2235 752 2304 commentario
784 2243 892 2301 autem
921 2239 962 2302 ad
988 2238 1122 2321 Vergilii
1152 2240 1292 2304 carmina
1320 2258 1405 2305 com-

365 2343 469 2426 posito
491 2357 644 2422 persaepe
667 2343 774 2402 exstat
795 2337 931 2403 formula
964 2339 1055 2428 baud
1077 2336 1188 2422 louge‘.
1232 2342 1404 2408 Praeterea

366 2445 496 2512 Seruius
519 2444 588 2526 ipse
610 2441 692 2506 tales
714 2438 884 2523 formulas,
915 2442 1026 2523 quales
1048 2449 1123 2508 sunt
1149 2444 1241 2534 ‚haud
1264 2444 1404 2528 ignarus,

367 2537 454 2613 haud
476 2537 580 2610 aliter‘
605 2544 789 2625 similesque
812 2542 955 2609 litotetus
973 2542 1092 2627 figuras
1114 2564 1184 2612 esse
1206 2547 1292 2612 dicit.
1314 2584 1355 2593 —
1378 2548 1405 2610 Ε

367 2650 579 2731 posteriorum
597 2664 727 2710 numero
748 2663 850 2726 neque
866 2647 1082 2713 adhibuerunt
1104 2666 1205 2729 neque
1220 2667 1405 2714 commemo·

367 2755 521 2816 rauerunt
543 2749 624 2813 banc
646 2747 838 2830 particulam
860 2749 1042 2829 Dositheus,
1065 2749 1244 2833 Pompeius,
1268 2751 1405 2817 Consen-

368 2854 442 2929 tius,
458 2852 589 2932 Audax3
612 2850 780 2917 Oledonius
796 2852 907 2917 eadem
928 2871 1030 2933 paene
1050 2853 1150 2917 uerba
1166 2855 1206 2917 de
1228 2854 1289 2918 hae
1310 2873 1404 2935 nega·

367 2956 464 3020 tione
480 2954 575 3036 fecit,
606 2971 689 3035 quae
718 2959 845 3019 exstant
875 2954 906 3019 in
936 2953 1031 3019 Probi
1054 2954 1226 3037 institutis,
1257 2958 1342 3038 quod
1364 2958 1404 3021 de

367 3056 565 3123 Cassiodorio
596 3074 721 3138 quoque
753 3057 922 3121 dicendum
955 3064 1013 3123 est.
1056 3057 1093 3121 In
1122 3058 1248 3123 Phocae
1276 3059 1358 3124 libro
1371 3062 1403 3140 ³)

367 3160 424 3241 qui
434 3164 483 3224 est
500 3158 544 3248 ‚de
554 3152 765 3239 aspiratione‘,
777 3159 873 3224 huius
888 3177 1013 3239 quoque
1028 3160 1176 3226 uocabuli
1191 3163 1307 3227 mentio
1318 3163 1403 3228 facta

319 3291 322 3297 ·
367 3265 426 3341 est,
448 3279 530 3342 quae
552 3258 651 3325 uerba
665 3259 770 3325 nescio
793 3279 834 3325 an
857 3279 918 3326 non
935 3262 1036 3343 pluris
1050 3263 1198 3330 habenda
1221 3265 1286 3329 sint
1308 3285 1402 3347 quam

367 3363 472 3429 Probi.
506 3362 658 3444 Legimus
672 3380 768 3445 porro
783 3365 871 3445 apud
886 3365 1113 3431 Adamantium
1130 3367 1198 3431 siue
1213 3368 1402 3451 Martyrium

367 3465 618 3532 coniunctionem
653 3464 746 3555 baud
768 3460 905 3548 latinus‘;
935 3469 992 3533 sed
1020 3488 1080 3550 pro
1112 3469 1172 3534 bac
1202 3469 1337 3536 lectione
1369 3472 1402 3535 in

368 3566 564 3633 Cassiodorii
596 3574 745 3649 excerpto
783 3588 822 3634 ex
860 3570 942 3634 libro
972 3572 1156 3637 Adamantii
1185 3571 1269 3637 facto
1298 3577 1404 3639 exstat

369 3670 565 3759 minimeque
585 3666 738 3736 latinum‘.
783 3672 965 3738 Priscianus
995 3676 1254 3740 commemorauit
1276 3681 1400 3741 tantum

366 3772 448 3837 hane
469 3772 670 3855 negationem
699 3774 783 3840 inter
805 3774 960 3839 aduerbia
981 3777 1136 3857 negandi,
1167 3779 1236 3859 ipse
1264 3782 1295 3842 in
1327 3798 1400 3843 con·

367 3927 569 3939 -———.....

455 4016 485 4093 1)
511 4015 547 4075 ei
578 4016 656 4078 Keil.
689 4016 755 4077 Vol.
782 4017 837 4092 IV,
860 4038 890 4096 p.
909 4023 977 4081 145.
1001 4020 1022 4081 l.
1048 4025 1076 4081 3.
1104 4039 1169 4102 sqq.

452 4103 485 4175 2)
509 4103 546 4160 od
571 4102 644 4163 ibid.
666 4104 690 4176 Ι,
715 4122 745 4179 p.
766 4107 836 4164 112.

452 4187 484 4267 3)
512 4188 550 4246 ef.
581 4187 654 4270 ibid.
673 4188 710 4250 V.
737 4208 765 4265 p.
787 4194 859 4266 440,
888 4196 939 4250 42.
961 4212 1026 4273 sqq.
