3234 4959
526 281 530 286 ⁴
644 327 857 395 -21-

224 502 314 565 textu
343 518 400 566 suo
432 517 492 566 non
523 498 687 580 adhibuit3
716 499 749 566 in
779 499 937 585 Eutychis
959 504 1030 566 arte
1052 500 1260 582 grammatica

225 602 323 667 semel
344 603 408 686 legi
434 602 526 693 ³haud
548 597 657 669 facile‘.

308 705 373 770 Sed
403 707 466 772 iam
496 708 538 773 ad
567 707 706 787 reliquos
737 707 909 787 scriptores
930 706 1110 772 redeamus.
1154 707 1259 786 Atque

224 805 276 873 hic
287 808 404 873 iterum
416 809 505 875 nobis
516 814 687 876 occurrunt
697 811 808 892 paucis
818 808 959 891 exceptis
974 826 1081 873 rorum
1096 812 1259 889 gestarum

223 908 404 991 scriptores
426 912 479 992 qui
502 912 563 977 hac
584 912 746 994 particula
775 912 826 978 usi
848 919 931 978 suut.
975 911 1014 975 Id
1037 915 1145 974 autem
1167 927 1260 991 prac-

224 1013 414 1077 monendum
437 1032 506 1079 esse
527 1019 617 1096 puto,
637 1014 825 1096 plerumque
851 1008 950 1103 paud
983 1012 1024 1079 ab
1046 1012 1087 1078 iis
1108 1029 1180 1076 cum
1202 1013 1261 1077 ad-

224 1113 344 1179 uerbiis
371 1120 404 1179 et
434 1115 604 1181 adiectiuis
642 1115 806 1197 coniungi,
836 1116 934 1182 semel
962 1115 1029 1181 fere
1058 1119 1185 1179 tantum
1218 1112 1260 1178 ab

225 1233 412 1296 unoquoque
434 1236 542 1283 eorum
565 1237 637 1283 curn
658 1219 765 1285 uerbo.
802 1218 872 1284 Non
895 1218 1001 1283 inueni
1023 1223 1132 1283 autem
1158 1207 1255 1304 paud

223 1316 368 1383 inlibris
396 1319 541 1399 Palladii,
564 1322 725 1387 rhetorum
748 1321 914 1401 minorum,
936 1338 1015 1400 quos
1037 1318 1141 1384 edidit
1162 1317 1277 1383 Garo-⁴

223 1417 276 1483 lus
308 1419 472 1503 Halmius,
510 1423 653 1506 vegetii,
684 1422 914 1505 Augustini1),
948 1421 1077 1488 Daretis
1115 1420 1256 1504 Phrygii,

223 1519 338 1586 Alcimi
359 1523 459 1602 Auiti,
490 1525 523 1589 in
554 1524 688 1590 historia
719 1524 879 1606 Apollonii
911 1526 997 1607 regis
1020 1525 1106 1607 Tyri,
1137 1523 1169 1588 in
1200 1523 1258 1588 Ju-

222 1622 353 1689 stiniani
376 1644 507 1708 corpore
535 1627 614 1693 iuris
636 1629 719 1708 quod
742 1633 886 1710 uocatur,
909 1629 1014 1709 quoad
1036 1626 1164 1707 quidem
1186 1624 1258 1707 legi.

306 1726 424 1792 Eorum
453 1730 644 1811 scriptorum
674 1750 692 1797 e
722 1749 872 1809 numero,
903 1748 1036 1811 quorum
1064 1729 1098 1794 iu
1129 1726 1258 1809 scriptis

224 1823 327 1916 paud‘
360 1839 506 1913 apparet,
524 1834 671 1914 primum
707 1833 759 1899 hic
791 1831 952 1913 proferam
983 1831 1097 1896 incerti
1118 1828 1258 1893 auctoris

220 1931 421 2000 itinerarium
444 1935 617 2001 Alexandri
638 1935 759 2017 Magni,
781 1936 872 2000 cuius
894 1940 1005 2000 auctor
1027 1930 1258 1998 Sallustianum

222 2050 397 2100 sermonem
417 2035 564 2103 imitatus
593 2056 653 2102 nou
676 2037 813 2102 discedit
842 2039 874 2103 in
896 2036 1079 2102 adhibenda
1100 2034 1161 2099 hac
1181 2052 1257 2114 par·

222 2134 321 2202 ticula
353 2157 373 2202 a
401 2138 471 2220 lege
500 2139 657 2206 communi
688 2139 790 2223 (haud
813 2139 959 2221 amplius,
992 2138 1105 2219 minus,
1135 2135 1256 2219 procul,

221 2236 312 2316 louis,
334 2238 453 2322 dispar,
481 2241 593 2323 facilis,
614 2243 846 2324 pronuntiare).
878 2241 1046 2307 Proximus
1068 2240 1258 2306 tractandus

221 2345 271 2406 est
293 2342 441 2408 Aurelius
462 2344 590 2427 Victor,
620 2347 709 2427 apud
738 2364 831 2429 quem
853 2344 1032 2409 inuenimus
1064 2334 1166 2432 ‚ruaud‘
1201 2360 1258 2406 un-

222 2443 326 2509 decies
348 2452 424 2511 aute
445 2447 600 2513 aducrbia
621 2447 772 2536 (procul,
795 2445 977 2527 difficulter,
999 2446 1131 2523 modice,
1153 2442 1258 2523 dubie,

222 2562 322 2628 secus,
341 2548 449 2627 multo,
464 2550 671 2628 incommode,
685 2548 845 2629 multum),
860 2547 959 2614 semel
973 2553 1048 2613 ante
1062 2545 1257 2612 adiectiuum

222 2647 366 2733 (inanis),
387 2651 486 2715 semel
517 2670 588 2718 cum
620 2652 717 2719 uerbo
739 2652 942 2718 coniunctum
963 2650 1094 2733 (egere).
1137 2647 1258 2714 Similis

222 2756 272 2816 est
294 2769 370 2817 usus
392 2754 426 2817 in
448 2753 586 2835 epitome
608 2774 646 2819 ex
668 2754 736 2819 eius
757 2754 839 2819 libro
861 2753 916 2834 qui
934 2752 1119 2818 inscribitur
1138 2749 1257 2839 ³Caesa·

222 2845 278 2917 res‘
303 2851 405 2936 lacta,
436 2857 498 2922 uisi
526 2858 611 2937 quod
641 2857 706 2922 illic
736 2856 874 2937 primum
897 2859 1001 2920 exstat
1022 2853 1141 2920 locutio
1166 2852 1257 2943 paud

221 2956 315 3022 modo
328 2959 437 3023 -scd
452 2953 569 3039 etiam,
590 2977 686 3041 quam
700 2975 856 3039 nusquam
879 2957 940 3034 nisi
962 2955 1112 3023 hocloco
1133 2946 1257 3038 legi.-

221 3058 294 3123 Jam
317 3066 495 3142 sequuntur
516 3061 580 3126 duo
601 3061 783 3143 scriptores,
812 3060 987 3143 Eutropius
1017 3065 1052 3126 ct
1072 3057 1175 3125 Rufus
1196 3058 1257 3124 Fe

221 3168 300 3242 stus,
322 3162 376 3243 qui
399 3173 435 3227 ut
457 3164 488 3230 iu
512 3164 584 3231 aliis
604 3163 710 3246 rebus,
732 3164 780 3230 ita
801 3164 900 3230 etiam
928 3164 962 3229 in
983 3180 1044 3229 usu
1065 3162 1161 3227 huius
1182 3180 1257 3242 par·

221 3264 338 3331 ticulce
359 3265 454 3348 plane
475 3285 548 3334 cum
571 3267 665 3334 Liuio
686 3271 874 3349 congruunt.
917 3265 997 3332 Cum
1019 3264 1126 3330 uerbis
1148 3271 1256 3330 autem

222 3386 293 3434 eam
315 3368 378 3435 iam
400 3388 461 3435 nou
477 3371 715 3453 coniunxerunt,
735 3370 794 3435 sed
815 3387 888 3435 raro
909 3374 1036 3434 tautum
1058 3385 1130 3434 cum
1151 3366 1257 3432 adiec-

221 3469 299 3536 tiuis
325 3479 359 3538 et
387 3473 549 3540 aducrbiis
575 3473 640 3539 illis
669 3474 702 3538 iu
731 3472 792 3539 hac
819 3492 856 3538 re
885 3470 1104 3537 usitatissimis
1139 3468 1256 3558 dubie,

221 3572 322 3657 longe,
344 3575 456 3656 multo,
476 3576 596 3659 procul,
618 3569 753 3643 dubius‘.
790 3573 895 3643 Semel
916 3573 1014 3640 ctiam
1036 3572 1127 3640 nobis
1149 3589 1257 3639 occur·

312 3903 345 3985 1)
367 3905 487 3981 Perlegi
514 3906 578 3966 eius
607 3907 710 3982 libros,
740 3905 794 3987 qui
823 3903 1030 3967 inscribuntur
1059 3902 1105 3975 ,do
1135 3899 1258 3962 ciuitate

222 3994 279 4057 dci‘
302 3998 333 4052 et
353 3992 585 4080 ‚ooniessionest
