3234 4959
659 457 872 523 ..15-

257 628 349 717 pauc
369 621 481 707 facile‘,
503 626 673 694 Petronius
703 629 834 694 Arbiter
861 627 958 693 semel
991 627 1085 717 pauo
1113 630 1207 711 altus,
1237 630 1286 695 in·

253 731 370 810 cultus,
389 730 494 808 dubie,
517 729 636 812 procul,
659 731 796 813 impune,
819 724 927 795 mora‘.

336 833 440 897 Multo
462 832 592 913 saepius
614 832 674 897 hae
689 834 859 916 negatione
879 849 958 897 usus
981 838 1032 897 est
1046 833 1169 897 Plinius
1184 834 1288 897 Maior

251 936 433 1017 etquidem
449 935 619 998 monimum
642 941 768 1015 partem
791 942 866 999 ante
888 935 1049 999 adiectiua
1069 941 1103 999 et
1124 935 1288 1015 aduerbia‚

252 1039 359 1101 rarius
381 1042 456 1099 ante
471 1036 580 1115 uerba,
603 1054 736 1115 quorum
760 1055 778 1100 e
799 1055 930 1101 numero
945 1036 1084 1118 primum
1105 1036 1208 1101 locum
1232 1037 1287 1102 ob-

253 1141 335 1203 tinet
361 1137 452 1225 paud
466 1130 551 1215 scio‘,
572 1138 658 1216 quod
680 1136 713 1200 in
730 1136 834 1201 Curtii
849 1138 978 1219 scriptis
993 1138 1088 1219 plane
1105 1139 1217 1203 deesse
1238 1138 1287 1202 ui·

254 1240 369 1303 dimus.
419 1238 457 1302 Id
490 1245 596 1302 autem
628 1238 809 1303 addendum
841 1257 910 1304 esse
939 1240 1018 1304 mihi
1047 1241 1185 1321 uidetur,
1215 1260 1287 1306 eum

253 1341 411 1423 imprimis
439 1341 473 1404 in
502 1340 609 1420 priore
625 1346 731 1420 -perte
760 1342 866 1422 operis
895 1341 977 1405 hanc
998 1343 1199 1423 negationem
1229 1343 1287 1407 ad·

253 1443 405 1523 hibuisse,
434 1443 468 1506 id
491 1448 540 1506 est
564 1459 663 1521 usque
685 1443 727 1505 ad
749 1442 866 1506 librum
889 1443 1179 1508 duodeuicesimum
1206 1445 1287 1526 (om-

253 1548 327 1610 nino
344 1545 454 1623 illm),
476 1543 508 1607 in
531 1545 707 1624 posteriore
721 1549 828 1608 autem
850 1550 944 1625 parte
966 1545 1015 1610 bis
1031 1551 1156 1610 tantum
1179 1546 1288 1634 (baud

252 1648 355 1727 facile,
377 1647 464 1711 haud
493 1639 685 1727 immerito‘).
729 1645 819 1722 Quae
847 1665 899 1711 res
921 1645 1059 1712 fortasse
1089 1648 1164 1713 inde
1186 1648 1286 1729 expli-

252 1750 355 1815 canda
376 1754 442 1827 est,
471 1749 557 1828 quod
588 1748 621 1811 in
643 1748 804 1828 prioribus
826 1748 918 1813 libris
942 1748 1065 1814 Plinius
1087 1751 1221 1832 propius
1243 1751 1287 1814 ad

180 1875 182 1881 ·
250 1871 356 1917 rerum
379 1852 552 1932 scriptores
583 1851 617 1914 in
640 1868 756 1931 genere
777 1850 906 1914 dicendi
928 1852 1061 1929 accedit,
1094 1852 1127 1914 in
1149 1853 1286 1933 posteri-

250 1953 360 2019 oribus
382 1971 459 2016 uero
474 1952 581 2016 ieiuna
595 1952 782 2033 plerumque
798 1953 995 2017 enumeratio
1011 1952 1195 2042 plantarum
1218 1954 1288 2018 siue

251 2057 394 2136 lapidum
432 2072 604 2135 eorumque
636 2055 872 2135 proprietatum
906 2054 936 2118 ei
965 2041 1161 2118 occasionem
1192 2054 1287 2120 huius

253 2157 431 2239 particulae
450 2158 657 2238 usurpandae
679 2156 844 2220 rarissime
865 2156 1007 2237 praebet.
1048 2156 1164 2222 Mirum
1188 2159 1287 2223 etiam

252 2265 311 2338 est,
345 2259 430 2339 quod
455 2258 488 2322 in
521 2259 680 2338 prioribus
703 2257 795 2323 libris
828 2257 894 2323 fere
927 2276 1054 2339 semper
1081 2259 1161 2324 dicit
1194 2258 1288 2348 ‚haud

251 2356 364 2439 dubie‘,
387 2362 419 2425 in
441 2361 675 2441 posterioribus
697 2378 824 2441 semper
849 2379 917 2449 >non
940 2354 1053 2426 dubie‘.

203 2545 211 2559 ·
335 2464 371 2527 In
404 2482 514 2527 eorum
536 2463 727 2543 scriptorum
750 2480 898 2541 numero,
931 2463 1047 2542 quibus
1079 2457 1183 2551 ‚haud‘
1219 2464 1285 2528 dis·

249 2565 382 2647 plicuit,
417 2565 650 2642 Quintilianum
684 2583 808 2646 quoque
838 2565 1065 2646 conspicimus,
1103 2565 1158 2645 qui
1187 2565 1285 2629 semel

251 2667 382 2748 scripsit
407 2667 499 2756 baud
521 2662 620 2731 dubie‘
647 2672 680 2731 et
705 2667 799 2755 baud
815 2661 997 2732 deesse‘.—
1014 2666 1177 2732 Summum
1192 2666 1285 2732 fasti·

251 2769 339 2850 gium
361 2775 467 2834 autem
489 2788 567 2834 usus
589 2769 684 2834 huius
707 2769 854 2834 uocabuli
875 2769 937 2833 hac
959 2776 1066 2834 aetate
1087 2770 1229 2835 escendit
1251 2771 1285 2834 in
1401 2823 1403 2828 .

251 2872 382 2953 scriptis
404 2871 523 2951 Taciti,
551 2872 720 2952 inquibus
742 2872 836 2936 233ίθο
857 2872 940 2935 hanc
969 2872 1169 2952 negationem
1197 2872 1285 2936 inue-

250 2975 374 3053 nimus,
405 2974 463 3038 sed
485 2979 610 3038 tantum
632 2976 664 3038 in
687 2974 817 3056 scriptis
846 2975 889 3038 ad
911 2973 1078 3038 historiam
1096 2974 1285 3055 pertinenti·

250 3076 310 3142 bus
340 3082 464 3157 exstat,
497 3076 530 3139 in
560 3095 598 3140 eo
629 3076 726 3156 libro,
755 3077 812 3157 qui
842 3075 1028 3141 inscribitur
1063 3075 1214 3164 dialogus
1245 3078 1285 3141 de

250 3173 457 3259 oratoribus‘,
476 3166 580 3259 'quem
613 3179 717 3245 Taciti
747 3198 818 3244 esse
847 3183 1015 3261 putamus,
1052 3179 1148 3260 plane
1184 3179 1284 3244 deest.

249 3282 359 3364 Neque
389 3300 466 3346 uero
495 3282 528 3345 in
559 3282 654 3347 huius
686 3283 817 3363 scriptis
847 3300 924 3347 usus
947 3281 1093 3346 uocabuli
1121 3280 1204 3344 alius
1233 3285 1285 3345 est

250 3389 346 3464 atque
377 3384 410 3447 in
432 3383 523 3448 libris
546 3384 820 3462 antecedentium,
850 3403 923 3447 nam
948 3402 1056 3447 omnes
1078 3382 1139 3446 loci
1162 3399 1284 3446 accom-

249 3487 373 3551 modari
387 3492 523 3567 possunt
536 3486 585 3551 illi
599 3486 672 3568 legi,
687 3504 751 3567 qua
770 3479 868 3574 baud
886 3492 1063 3567 usurpatur
1079 3484 1122 3548 ad
1136 3485 1284 3566 neganda

248 3588 377 3671 singula
406 3589 570 3654 uocabula.
621 3590 724 3654 Unam
761 3595 886 3653 tantum
925 3589 1114 3653 locutionem
1143 3587 1283 3667 afferam,

248 3710 330 3773 quae
352 3691 475 3757 Tacitei
496 3693 651 3757 sermonis
674 3692 806 3773 propria
833 3698 899 3770 est,
932 3693 1003 3757 dico
1037 3692 1129 3780 >haurd
1149 3691 1283 3771 perinde

247 3828 291 3841 -
313 3787 433 3875 quam‘,
462 3812 606 3875 quaeque
635 3794 927 3876 aStuerenburgio
957 3794 1116 3875 explicata
1146 3800 1197 3858 est
1226 3812 1283 3874 per

251 3915 294 3985 ‚ee
314 3891 427 3962 modo‘.
459 3896 570 3978 Neque
591 3916 667 3962 uero
689 3898 719 3962 ei
741 3898 936 3979 adstipulari
956 3916 1096 3978 possum,
1119 3913 1189 3959 cum
1212 3913 1284 3959 mea

248 4000 377 4080 quidem
407 4000 567 4065 sententia
601 3999 692 4089 ³baud
715 4001 848 4081 perinde
880 4035 921 4045 -
954 3992 1054 4079 quam‘
1087 3985 1166 4061 nibil
1194 3997 1282 4062 aliud

248 4104 353 4171 sitae
378 4121 445 4197 pon
467 4109 535 4169 tam
556 4138 601 4152 -
620 4097 734 4185 quani,
765 4107 803 4169 ut
824 4101 918 4169 facile
940 4100 1087 4183 cognosci
1107 4105 1215 4185 potest
1243 4120 1282 4169 ex
