3234 4959
768 508 982 577 „13-

360 688 457 764 atque
479 686 584 761 antea,
607 684 693 762 quod
709 683 824 747 mirum
847 702 909 748 non
933 689 992 765 est,
1014 684 1099 764 quia,
1122 688 1159 748 ut
1181 684 1266 748 inter
1288 702 1397 749 omnes

362 789 498 864 constat,
522 784 556 849 hi
578 790 646 849 tres
661 785 835 865 scriptores
851 792 980 866 praeter
996 791 1117 850 ceteros
1139 786 1249 867 generi
1271 786 1399 851 dicendi

361 888 539 969 priscorum
555 895 734 968 temporum
750 887 951 952 studuerunt.
984 887 1135 951 Idunum
1151 888 1300 966 addatur,
1317 906 1397 954 sem·

361 1008 421 1071 per
451 990 539 1072 apud
560 989 751 1055 Frontonem
781 996 815 1053 et
837 989 1008 1071 Apuleium
1038 1006 1203 1054 occurrere
1229 983 1397 1053 formulam

365 1092 457 1182 haud
486 1085 595 1157 sciem‘
635 1111 694 1174 pro
734 1091 827 1181 haud
855 1086 926 1156 scio‘
967 1090 1159 1171 reliquorum
1197 1091 1397 1171 scriptorum,

363 1212 458 1274 quam
480 1190 649 1258 formulam
680 1194 742 1258 nisi
772 1194 859 1275 apud
883 1193 1064 1258 Ciceronem
1097 1202 1131 1256 et
1151 1192 1280 1256 Liuium
1303 1200 1399 1257 antea

363 1314 520 1377 nusquam
542 1297 686 1378 repperi:
706 1300 820 1377 postea
843 1302 949 1359 autem
973 1294 1070 1359 semel
1093 1295 1181 1376 apud
1200 1293 1398 1359 chalcidium

361 1403 395 1462 et
417 1397 450 1461 in
472 1397 612 1478 epistula
634 1398 838 1479 imperatoris
855 1397 1025 1461 Theodosii
1048 1396 1132 1460 iuter
1147 1395 1281 1461 Ausonii
1301 1415 1399 1477 opera

362 1503 511 1565 exstante
531 1501 639 1581 posita
661 1505 720 1566 cst.

447 1602 509 1667 His
538 1601 749 1683 scriptoribus
778 1602 930 1666 tractatis
953 1600 1217 1681 comprehendam
1240 1618 1312 1677 cos,
1344 1600 1398 1680 qui

360 1706 511 1770 uixerunt
549 1703 588 1768 ab
625 1703 762 1785 Apuleio
803 1722 904 1784 usque
937 1704 980 1767 ad
1019 1702 1155 1765 Marium
1190 1702 1398 1781 Victorinum,

360 1807 605 1889 grammaticum
623 1805 713 1870 illum
728 1806 859 1871 minime
874 1804 1098 1887 spernendum.
1131 1804 1179 1868 De
1200 1804 1296 1869 huius
1318 1810 1397 1868 tem-

361 1909 449 1989 poris
465 1908 677 1991 scriptoribus
692 1910 819 1973 omnino
836 1910 1001 1973 dicendum
1022 1913 1082 1985 est,
1104 1907 1288 1970 memoriam
1303 1906 1397 1970 huius

363 2010 546 2091 negationis
575 2012 662 2093 apud
696 2030 749 2076 eos
780 2030 883 2092 paene
915 2009 1106 2076 exstinctam
1136 2007 1245 2073 fuisse.
1288 2007 1398 2089 Neque

244 2144 249 2152 ·
362 2112 446 2176 enim
468 2118 574 2177 exstat
596 2113 684 2194 apud
705 2114 895 2195 Ampelium,
910 2112 997 2195 apud
1015 2110 1169 2175 Granium
1188 2110 1396 2189 Licinianum,

362 2215 450 2295 apud
462 2213 578 2278 Gaium
590 2215 630 2294 l),
646 2216 732 2296 apud
744 2214 916 2279 Minucium
933 2214 1080 2279 Felicem.
1103 2213 1172 2277 Nou
1188 2213 1235 2277 ita
1249 2211 1397 2292 frequens

361 2323 412 2384 est
444 2317 477 2380 in
507 2318 637 2399 scriptis
668 2316 860 2381 Tertulliani
892 2316 1109 2398 (hauddum,
1142 2316 1265 2394 minus,
1294 2314 1398 2393 facile,

361 2436 492 2501 guarus,
521 2419 722 2502 desiderare,
751 2419 871 2497 mirari,
902 2411 1026 2497 latere,
1043 2437 1133 2498 queo,
1161 2418 1307 2482 iussurus
1329 2416 1398 2495 (ip,

360 2520 458 2586 semel
480 2520 588 2586 inueni
610 2520 643 2585 iu
666 2521 902 2585 commentariis
924 2519 1170 2601 Porphyrionis3
1194 2518 1398 2584 desideratur

360 2628 468 2689 autem
490 2624 523 2688 iu
546 2623 790 2702 commentariis,
812 2624 867 2704 qui
889 2622 949 2688 sub
971 2621 1098 2687 Helenii
1114 2622 1247 2687 Acronis
1271 2621 1398 2685 nomine

361 2725 509 2805 quamuis
531 2724 612 2790 falso
634 2723 790 2789 feruntur.

446 2825 546 2892 Porro
564 2822 666 2917 >haud‘
685 2847 747 2893 non
759 2834 868 2894 exstat
882 2829 915 2893 iu
926 2827 1094 2893 Censorini
1108 2826 1200 2906 libro,
1212 2825 1266 2906 qui
1282 2830 1333 2889 est
1352 2825 1396 2912 de

359 2928 415 2993 die
435 2923 564 3009 natali‘3
596 2930 693 2995 semel
717 2930 781 3013 legi
810 2931 843 2995 in
870 2929 966 2995 Plinii
990 2930 1153 2995 Valeriani
1175 2928 1334 3009 excerptis
1358 2945 1396 2990 ex

274 3107 278 3120 .
361 3029 498 3112 Gargilii
513 3031 674 3097 Martialis
696 3032 788 3098 libris
810 3031 905 3097 factis
930 3033 1032 3115 (haud
1046 3032 1230 3112 inutiliter).
1262 3029 1395 3110 Neglec-

360 3142 430 3196 tum
453 3138 503 3197 est
524 3132 719 3216 aGypriano
741 3141 775 3199 et
796 3133 1075 3215 acommodian03
1099 3134 1269 3215 aliquoties
1292 3134 1395 3196 denuo

359 3233 478 3315 legitur
499 3237 586 3315 apud
609 3235 750 3301 Soliuum
774 3237 974 3302 coniunctum
997 3256 1068 3302 cum
1090 3236 1259 3302 adiectiuis
1282 3240 1316 3299 et
1337 3234 1395 3297 ad·
1446 3314 1452 3321 .

359 3336 496 3418 uerbiis,
519 3338 574 3417 qui
603 3339 680 3419 quin
709 3358 748 3403 ex
770 3338 867 3404 Plinii
889 3339 1029 3420 meinric,
1052 3340 1193 3405 auctoris
1215 3338 1275 3416 sui,
1302 3335 1395 3401 libris

359 3475 564 3486 -—-—--—

448 3581 475 3652 l)
497 3579 712 3641 Jureconsultis
726 3582 844 3641 uidetur
859 3574 955 3667 ,haud‘
976 3584 1098 3641 minime
1113 3584 1268 3659 placuisse,
1284 3583 1394 3661 quippe

359 3682 486 3741 quorum
520 3664 552 3722 in
592 3666 710 3742 scriptis
743 3669 895 3740 omnibus,
936 3688 1013 3747 quae
1046 3669 1133 3727 nobis
1167 3676 1285 3727 seruate
1317 3674 1394 3739 sunt,

359 3742 457 3833 'haud‘
477 3751 644 3809 inuenerim
665 3753 713 3810 his
734 3753 820 3825 locis,
851 3755 887 3811 de
917 3756 1025 3831 quibus
1047 3755 1136 3812 otiam
1158 3755 1294 3813 dubitare
1315 3754 1394 3825 licet,

359 3852 425 3892 cum
444 3855 504 3894 non
522 3856 623 3896 omnes
638 3838 770 3897 codicum
786 3840 962 3897 auctoritate
977 3841 1126 3901 nitantur:
1153 3842 1259 3914 fragm.
1274 3839 1393 3913 iurispr.

359 3922 497 3981 amiciunt.
520 3920 580 3999 (ed.
602 3921 760 4004 Huschke)
790 3943 858 3999 pag.
875 3924 946 3996 736,
971 3945 1000 3984 1.
1022 3930 1088 3985 113.
1121 3927 1200 3984 haud
1224 3925 1393 3984 constituta.

359 4024 425 4081 pag.
450 4006 520 4067 761.
543 4028 574 4066 1.
597 4012 658 4066 242
689 4009 767 4066 haud
798 4009 973 4084 impetrasse
1003 4017 1115 4074 ut....
1146 4012 1217 4070 ibid.
1241 4030 1307 4087 pag.
1332 4009 1393 4067 766

358 4101 388 4149 h.
411 4093 695 4153 249.111111111111
718 4113 806 4153 causa
828 4095 1019 4170 peruulgatis.
1041 4098 1114 4157 ibid.
1136 4118 1166 4173 p.
1190 4096 1261 4155 797.
1285 4101 1320 4169 3,
1355 4100 1390 4153 11

357 4175 529 4257 (Huschke)
554 4179 635 4237 haud
655 4199 718 4239 rem
739 4186 834 4239 ratam
855 4180 1034 4242 habiturum.

1475 2393 1494 2424 ⁴
1592 2381 1594 2504 l
